3112 4914
297 362 362 428 208
711 383 963 432 corruunramus.

297 573 432 659 Madvig.
463 612 508 623 —
538 574 671 652 „Solis
702 577 884 660 regione,
915 578 1005 643 verba
1032 587 1105 643 sunt
1128 580 1260 659 Kockii,
1286 580 1379 644 dili-

297 698 425 773 genter
449 689 660 768 0bservata‚
683 691 734 754 ita
758 693 946 755 exstruxit
970 693 1191 770 tentorium,
1216 701 1257 757 ut
1274 695 1378 758 meri-

298 801 357 864 die
388 823 405 864 a
437 801 529 864 solis
560 803 681 866 radiis
713 802 840 866 umbra
871 813 973 867 esset
1004 813 1125 868 tutum
1149 827 1271 889 neque
1295 826 1379 868 vero

298 925 383 999 post
406 914 598 979 meridiem
621 916 734 979 nimis
758 917 789 979 ei
814 916 1052 1001 expositum.’'

342 1029 396 1098 εἷς
419 1028 614 1103 εὐνώννον.
650 1028 776 1093 Retinui
800 1029 946 1093 librorum
972 1031 1175 1115 scripturum,
1200 1054 1295 1114 quam
1315 1031 1379 1116 ple-

297 1144 393 1228 rique
421 1145 552 1209 editores
587 1131 830 1230 obtemperantes
865 1146 1010 1211 Elmsleio
1041 1157 1238 1213 mutaverunt
1271 1149 1302 1211 in
1327 1150 1378 1219 εἷς

298 1256 506 1334 εὐγωνίαν,
543 1259 615 1342 quia
650 1259 875 1324 substantivum
910 1261 1036 1335 εὐνανθα
1069 1283 1222 1346 nusquam
1256 1260 1377 1345 legitur.

298 1370 382 1434 Idem
423 1370 586 1435 dicendum
625 1372 663 1435 de
697 1371 866 1457 Musgravii
900 1373 1073 1456 suspicione
1106 1374 1269 1458 Ξθονώννον;
1309 1396 1377 1438 nam

298 1505 397 1567 neque
421 1485 478 1548 hoc
503 1506 602 1568 neque
625 1485 788 1562 εθθννθννον
811 1508 940 1569 usquam
959 1493 1113 1571 repertum
1130 1495 1185 1550 est.
1211 1487 1282 1572 Ipse
1298 1487 1379 1570 cogi-

298 1598 360 1661 tavi
384 1597 421 1660 de
445 1596 607 1662 scribendo
630 1600 847 1677 ἰσογώνιον,
872 1599 1041 1685 paribus
1067 1601 1247 1685 angulis,
1275 1602 1378 1684 itaque

297 1711 598 1794 rectiangulum,
627 1719 663 1775 ut
686 1711 806 1776 dicatur
828 1713 885 1776 Ion
910 1713 1023 1798 plethri
1042 1715 1174 1798 spatium
1191 1714 1376 1799 quadratum

297 1826 342 1888 ita
371 1824 526 1888 dimensus
550 1826 661 1902 fuisse,
691 1833 726 1888 ut
752 1827 837 1889 fieret
860 1827 1089 1892 tabernaculum
1115 1827 1239 1912 paribus
1263 1829 1384 1916 (rectis)
1435 1891 1437 1893 ,

299 1937 428 2021 angulis.
454 1937 564 2022 Itaque
588 1938 764 2023 suspicabar
783 1941 957 2015 σταθμήσας
978 1941 1097 2022 πλέθρου
1116 1950 1206 2018 μῆκος
1222 1942 1377 2017 ἰσογώνιον,

298 2053 317 2116 i.
335 2075 374 2128 e.‚
399 2058 435 2115 ut
459 2051 609 2135 explicare
633 2051 732 2116 solent
756 2061 869 2117 veteres
890 2055 1092 2137 grammatici,
1116 2053 1216 2139 (ἱθστε)
1237 2055 1379 2131 ἰσογώνιον

298 2159 416 2249 (εἶναι),
448 2172 522 2227 noto
541 2162 739 2228 'Graecismo
778 2165 855 2238 ’Ίσος
885 2167 918 2229 in
942 2168 1117 2251 compositis
1141 2166 1222 2252 apud
1246 2167 1378 2251 tragicos

253 2299 255 2302 ·
296 2275 427 2341 subinde
450 2276 512 2340 iota
535 2276 701 2360 producere
726 2284 831 2341 notum
857 2286 913 2341 est.

344 2392 427 2452 1138
446 2413 489 2474 sq.
516 2397 552 2452 ut
575 2391 696 2474 spurios
720 2396 841 2454 notatos
864 2413 882 2454 a
904 2391 1008 2454 Paleio
1031 2392 1064 2454 in
1088 2390 1253 2475 marginem
1274 2390 1378 2454 reiecit

297 2502 436 2566 Dindorf.
480 2503 620 2587 Suspecti
653 2503 730 2567 mihi
760 2525 884 2587 quoque
914 2526 975 2567 non
1012 2511 1132 2568 tantum
1163 2502 1202 2566 ob
1238 2502 1376 2588 putidam

296 2616 487 2699 diligentiam
513 2617 719 2700 sermonisque
744 2616 902 2701 ambages,
928 2618 1027 2700 qualis
1049 2618 1144 2700 magis
1164 2616 1285 2680 serioris
1309 2637 1378 2700 poe·

296 2730 384 2793 tastri
416 2729 580 2794 cacozeliae
603 2751 694 2812 quam
718 2731 803 2814 poesi
825 2729 1008 2814 Euripideae
1031 2730 1192 2794 convenire
1216 2729 1375 2806 videntur,

296 2842 348 2905 sed
373 2843 463 2906 etiam
488 2850 611 2926 propter
634 2841 786 2906 scribendi
809 2843 967 2906 incuriam.
1000 2841 1077 2917 Nam
1102 2842 1228 2922 ἔχουσαν
1252 2840 1373 2926 quidem
1419 2910 1421 2915 ,

296 2954 418 3019 defendi
443 2954 636 3038 aliquatenus
662 2961 779 3039 potest,
802 2957 846 3018 uti
864 2955 1022 3019 defensum
1039 2962 1086 3019 est
1102 2978 1156 3040 per
1170 2964 1280 3034 σχῆμα
1293 2954 1375 3038 quod

295 3069 409 3132 dicitur
439 3069 506 3149 πρὸς
537 3069 570 3134 σθ
601 3069 824 3151 σημαινόμενον,
858 3076 892 3132 ut
924 3070 1028 3144 σκθννν
1059 3068 1291 3152 intellegamus,
1323 3066 1375 3130 sed

296 3182 378 3246 omni
413 3181 589 3250 defensione
622 3182 771 3246 destituta
802 3182 924 3246 videtur
953 3182 1061 3246 vocula
1091 3206 1145 3260 ys,
1170 3181 1262 3245 unius
1286 3180 1375 3244 metri

295 3318 386 3360 causa
416 3294 481 3359 sinc
511 3294 575 3359 ulla
605 3296 635 3359 vi
666 3302 813 3380 usurpata
828 3296 866 3380 1).
910 3295 1036 3359 Resecto
1068 3303 1198 3379 utroque
1225 3292 1374 3357 versiculo

295 3416 419 3494 apparet
448 3410 566 3488 πλέθρον
585 3417 676 3485 μῆκος
700 3409 853 3485 ἰσογώνιον.
867 3408 1106 3493 intellegendum
1131 3430 1195 3472 esse
1219 3407 1373 3493 plethrum

295 3523 483 3607 superficiale
493 3548 502 3601 3
527 3522 653 3607 dequo
675 3522 847 3606 Hesychius
866 3523 1047 3602 rre'nedpou
1066 3522 1167 3602 μέτρον
1181 3529 1253 3598 γῆς,
1268 3519 1374 3602 θφασν

294 3637 410 3715 ανρθονς
435 3637 525 3709 addace
549 3636 635 3717 ἔχειν.

341 3753 437 3814 1140.
451 3748 509 3814 uf.
525 3772 617 3834 supra
631 3752 695 3813 663
713 3773 779 3834 sqq.
788 3800 797 3833 ,
812 3749 865 3814 ubi
878 3758 963 3834 pater
978 3751 1085 3814 Ionem
1101 3750 1230 3814 iusserat
1245 3749 1374 3812 invitare

294 3865 408 3928 amicos
433 3886 504 3927 suos
528 3863 566 3927 ad
590 3885 715 3927 coenam
738 3863 775 3926 iis
800 3863 1029 3928 valedicturum.
1061 3863 1120 3928 Hic
1143 3885 1213 3927 vero
1237 3862 1374 3926 videmus

227 3986 231 3992 '
293 3984 410 4040 tantam
443 3976 629 4040 adolescenti
651 3976 745 4040 luisse
768 3976 1026 4052 benevolentiam,
1052 3983 1087 4039 ut
1109 3997 1214 4040 omues
1237 3974 1373 4059 Delphos

327 4231 353 4296 l)
371 4231 517 4292 Wecklein,
536 4234 610 4284 Stoa.
627 4250 649 4283 α.
668 4234 733 4284 Eur.
750 4249 797 4300 pro
814 4255 841 4300 νε
857 4234 921 4285 coni.
938 4244 984 4286 τῶν
998 4249 1137 4300 provocans
1155 4235 1187 4284 ad
1203 4233 1314 4298 Krtigari
1328 4232 1374 4282 Gr.

294 4320 553 4383 Gr.1§50.2,8.
649 4377 651 4381 ,
871 4331 872 4336 ’
1025 4342 1031 4349 ·
