3112 4914
686 419 867 464 recursum.
1283 417 1316 462 xl

232 641 329 695 mors,
354 617 442 682 matri
465 624 566 681 autem
592 613 718 679 atilio?
746 613 812 679 Nec
836 637 942 699 parum
963 621 1093 698 augetur
1114 614 1157 677 rei
1173 612 1316 677 atrocitas

233 734 402 798 vehementi
438 730 603 809 desiderio,
630 753 692 814 quo
723 741 753 796 et
776 730 881 795 metris
906 729 1012 794 Ionem
1036 736 1068 793 et
1090 728 1236 794 Graiisam
1261 730 1316 794 filii

231 844 328 912 teneri
352 855 442 930 poeta
466 843 571 908 crebro
592 843 815 929 spectatoribus
835 843 1028 928 significavit.
1053 842 1145 907 Plura
1162 844 1208 907 his
1226 842 1318 908 adde·

231 984 310 1036 rem,
328 960 387 1023 nisi
406 958 543 1022 sufficere
556 957 710 1021 videretur
721 957 854 1042 relegare
866 955 1011 1020 lectorem
1024 955 1062 1020 ad
1077 954 1318 1021 Hermaunianae

232 1075 374 1139 editionis
405 1073 641 1158 praefationem,
672 1072 721 1136 cui
745 1070 823 1136 adde
847 1094 925 1156 quae
949 1071 1137 1157 scripserunt
1159 1069 1317 1135 Momcrus

232 1189 330 1266 Rure,
358 1188 536 1254 Gescha‘chtc
558 1191 611 1252 dea
627 1187 844 1252 Grieclrr'sctea
859 1187 1039 1270 Schcuepict
1051 1207 1115 1250 vom
1131 1187 1320 1270 Stcndpuact

231 1307 286 1367 der
315 1295 536 1367 comessores
567 1303 688 1379 Ktcrst,
719 1324 787 1386 pag.
816 1303 875 1364 158
893 1321 972 1384 sqq,
996 1297 1026 1365 J.
1049 1297 1085 1364 L.
1109 1298 1233 1378 Kouni,
1258 1299 1318 1363 Ge-

231 1419 363 1482 achiclrtc
384 1419 437 1480 des
459 1406 583 1480 dromos
606 1408 624 1478 Ι
649 1438 676 1499 p.
702 1417 865 1498 1710111]η
891 1412 968 1476 Osa
993 1410 1053 1477 Ou.
1079 1412 1249 1489 Mourena,
1270 1415 1320 1476 die

232 1532 346 1595 Doricr
376 1527 418 1599 11,
451 1531 480 1605 2,
519 1532 555 1592 13
581 1550 662 1612 sqq,
693 1527 774 1592 idem
813 1529 987 1592 Geocbichtc
1019 1529 1073 1590 der
1103 1527 1319 1591 Griecttrcdcrt

232 1636 390 1707 Literutar
411 1640 454 1717 Π,
480 1663 549 1724 pag.
575 1641 654 1717 165,
685 1637 723 1708 G.
747 1640 962 1716 Burnnsnnr,
989 1641 1237 1719 Grandrisrder
1261 1640 1318 1706 Gr.

232 1758 304 1821 1111.
328 1755 388 1830 ΠΙ,
414 1751 520 1820 Beerb.
543 1753 587 1831 ΙΙ,
613 1758 643 1831 2,
669 1777 698 1839 p.
723 1757 797 1818 486.
826 1754 969 1840 Plerique
993 1776 1097 1818 omnes
1122 1757 1319 1819 consentiunt
1375 1829 1377 1833 ¹

232 1869 340 1934 Ionem
370 1869 450 1933 inter
481 1868 598 1952 optima
629 1866 785 1952 Euripidis
817 1868 954 1951 dramata
985 1890 1050 1932 esse
1074 1869 1317 1946 numerandum,

218 1990 340 2066 'estque
364 1982 418 2066 qui
443 1981 490 2045 vel
514 1981 682 2066 principem
707 1981 733 2044 01
758 1981 859 2045 locum
884 1982 1027 2066 assignet.
1058 1980 1150 2061 Quod
1168 1990 1241 2047 utut
1256 1980 1333 2058 est,

234 2097 290 2160 boc
321 2103 400 2160 certe
429 2117 491 2160 nou
515 2095 711 2172 dubitamus,
736 2095 809 2178 quin
827 2073 864 2159 ’01
888 2095 1075 2160 inventionis
1100 2094 1190 2160 laude
1214 2117 1319 2159 omues

232 2209 364 2294 reliquas
392 2215 514 2292 superet
539 2216 569 2271 01
592 2208 847 2273 iucundissimum
873 2231 937 2272 esse
960 2207 1101 2272 debuerit
1126 2208 1320 2273 Atheniensi·

235 2320 292 2385 bus
323 2319 363 2384 ob
395 2327 608 2405 argumentum
643 2321 752 2385 eximie
783 2321 949 2406 populare,
981 2328 1013 2386 et
1035 2321 1200 2385 hodiernos
1223 2312 1339 2407 philo·¹

236 2434 321 2519 logos
345 2435 415 2520 plus
439 2434 500 2499 fere
526 2457 616 2517 quam
642 2442 758 2498 ceterae
782 2433 911 2498 delectet
935 2439 997 2499 tam
1023 2443 1147 2520 propter
1169 2435 1318 2510 Graecae,
1338 2497 1341 2502 .

202 2556 204 2560 '
233 2547 402 2635 Delphicae
434 2548 600 2632 imprimis,
632 2547 827 2632 antiquitatis
842 2625 844 2629 ι
860 2570 938 2633 quae
970 2549 1107 2612 continet
1135 2548 1320 2613 documenta

235 2683 326 2745 quam
352 2661 481 2746 'propter
504 2663 576 2725 artis
600 2684 691 2746 opera
716 2661 871 2726 evidenter
894 2685 911 2725 a
934 2670 1025 2748 poeta
1048 2662 1208 2748 descripta.
1249 2661 1319 2742 Quo

163 2820 166 2823 -
233 2776 329 2866 magis
353 2750 526 2839 mirandum
552 2785 597 2838 cst
621 2774 738 2839 nullam
755 2774 846 2854 dum,
863 2775 944 2859 quod
962 2775 1071 2853 sciam,
1089 2783 1208 2840 exstare
1224 2776 1317 2840 huius

232 2887 353 2952 fabulae
387 2887 552 2951 editionem
586 2888 767 2952 instructam
798 2889 1016 2953 commentario
1047 2890 1129 2954 satis
1156 2888 1320 2975 locupleti,

233 3024 295 3087 quo
326 3008 356 3065 et
387 3022 486 3066 rerum
519 3008 549 3065 et
582 3000 741 3066 verborum
774 3002 1018 3086 interpretationi
1051 3009 1082 3066 et
1114 2994 1158 3067 101
1181 3003 1321 3080 criticae,

234 3116 322 3179 cuius
356 3115 387 3178 in
425 3115 508 3200 gravi
543 3114 745 3198 plurimorum
780 3115 916 3179 locorum
949 3116 1121 3200 corruptela
1152 3116 1321 3180 necessario

235 3237 335 3313 partes
360 3236 449 3292 erunt
472 3250 672 3313 permagnae,
697 3228 886 3292 satisfactum
911 3251 975 3291 esse
1001 3229 1148 3294 videatur.

278 3340 522 3425 Interpretaturo
547 3342 643 3426 igitur
666 3342 698 3405 in
722 3341 834 3404 scholis
858 3343 932 3406 meis
949 3341 1131 3426 Euripidem
1147 3364 1243 3425 quum
1260 3365 1321 3407 nou

195 3439 197 3442 ‚
234 3455 294 3518 alia
325 3477 356 3518 se
380 3454 456 3517 mihi
479 3453 600 3517 offerret
623 3452 728 3517 fabula
752 3455 868 3539 aptior,
896 3455 976 3518 unde
1000 3455 1094 3519 huius
1119 3465 1226 3540 poetae
1250 3478 1321 3540 pro-

235 3568 378 3653 prietates
401 3589 420 3630 a
443 3567 582 3631 studiosa
605 3567 767 3658 iuventute⁴
788 3568 992 3645 discerentur,
1026 3568 1129 3632 curavi
1153 3569 1237 3633 Ionis
1261 3569 1322 3633 edi·

234 3681 368 3760 tionem,
391 3682 423 3745 in
449 3703 509 3764 qua
533 3703 587 3765 pro
613 3669 698 3765 perte
723 3680 803 3745 virili
827 3681 857 3744 id
875 3682 939 3766 egi,
957 3691 993 3746 01
1009 3682 1100 3746 verba
1116 3675 1319 3762 emendarem,

236 3795 464 3879 interpretarer,
498 3794 702 3870 illustrarem,
736 3817 813 3878 quae
844 3794 920 3859 forte
952 3802 1006 3858 aut
1033 3795 1071 3858 de
1094 3795 1246 3859 industria
1270 3805 1323 3859 aut

236 3898 423 3994 imprudens
438 3909 608 3973 omisissem
633 3907 817 3973 lectionibus
841 3909 915 3972 meis
941 3910 1152 3993 suppleturus.
1186 3908 1258 3973 Nou
1279 3910 1324 3973 ita

236 4044 303 4086 raro
332 4045 368 4085 ex
391 4020 617 4105 antiquioribus
641 4020 829 4086 editionibus
852 4023 991 4106 prompsi
1013 4031 1101 4095 notas
1125 4021 1238 4086 alienas
1244 4069 1253 4098 ,
1278 4023 1322 4085 sic

236 4145 355 4215 tamen,
389 4142 424 4198 01
455 4133 571 4219 ubique
600 4133 740 4219 religiose
764 4133 905 4198 adderem
930 4141 1088 4198 auctorum
1113 4135 1247 4199 uomina.
1285 4134 1321 4199 ln

233 4256 323 4329 textu
355 4245 571 4312 constituendo
603 4257 723 4331 practer
750 4270 831 4312 meas
865 4247 1056 4332 aliorumque
1080 4249 1269 4312 coniecturas
1292 4259 1323 4311 et

238 4360 422 4446 Musgrarii,
449 4359 618 4437 Dindorfii,
638 4360 972 4442 Nauckii,·Badhami,
989 4371 1157 4426 ceterorum
1174 4360 1323 4425 editiones
