3112 4914
242 399 305 462 196
658 415 911 460 concurramus.

286 604 381 673 1020.
404 606 519 692 Vergil.
542 609 618 672 Aen.
642 605 669 685 I,
696 609 734 673 77
761 606 811 672 cit.
835 606 992 671 Victorius
1017 605 1091 669 Var.
1116 603 1200 668 Lect.
1223 605 1276 679 29,
1294 606 1324 667 4ι.

286 723 382 786 1020.
405 720 606 802 μντρυιάς.
642 719 688 785 (ll.
712 720 792 784 infra
819 724 900 784 1329
918 741 981 803 sq.,
1006 718 1071 783 Alc.
1096 720 1171 794 306,
1197 719 1260 780 310
1289 716 1324 781 ir.

241 841 316 912 821,
342 839 423 899 vals
446 836 561 916 πέφυκε
583 833 642 914 γάρ
666 859 727 906 τως
750 834 834 898 παισὶ
856 834 992 910 πολέμιος
1012 834 1085 910 γυνὴ
1105 830 1112 919 Ι
1130 838 1189 902 τοῖς
1206 830 1325 910 πρόσθεν

240 948 405 1029 ἧζυγεῖσα
435 947 552 1029 δευτέρα
584 949 683 1026 πάτρι’.
709 983 754 997 ·-
777 946 881 1011 Isacus
904 947 1010 1030 fragm.
1034 945 1050 1008 I
1072 946 1089 1029 0
1116 947 1134 1008 5
1159 943 1271 1008 εἰώθασι
1294 943 1325 1007 δέ

239 1085 300 1133 τως
329 1064 366 1134 ὦς
394 1060 441 1126 ἐστὶ
468 1061 502 1125 τὸ
524 1061 600 1125 πολὺ
623 1060 806 1141 διαφέρεσθαι
830 1061 978 1134 άλλάλαις
1001 1056 1038 1124 αἵ
1054 1084 1088 1123 τε
1112 1057 1248 1138 μιρτρυια)
1272 1057 1322 1122 καὶ

239 1175 271 1238 αἱ
294 1175 434 1253 τρθνσνσι.
467 1172 598 1237 Pulchre
621 1173 731 1238 Aesch.
754 1172 853 1236 Prom.
879 1174 942 1236 729
966 1178 1095 1251 τραχεῖα
1116 1170 1220 1235 τάντσυ
1241 1181 1324 1233 Σαλ·

238 1285 366 1362 μυθνσθα
399 1285 504 1362 γνάθος
524 1282 530 1372 Ι
550 1282 713 1364 ἐχθρόξενος
749 1285 902 1359 ναύταισι,
934 1282 1106 1363 μντρυιά
1138 1287 1236 1346 νεῶν.
1273 1281 1323 1344 Sic

238 1398 456 1462 novercale
480 1397 617 1461 odium
641 1398 721 1481 epod
746 1397 884 1462 Latinos.

284 1514 379 1578 1027.
403 1511 586 1594 προλάζυμαι
600 1545 635 1566 --
649 1511 851 1592 τριλαμβάνυ
872 1512 922 1576 hic
937 1520 1057 1576 tantum
1075 1511 1199 1596 legitur.
1225 1508 1322 1594 Saepe

238 1625 368 1710 simplici
391 1633 494 1689 noster
516 1626 631 1704 utitur,
658 1625 768 1710 reliqui
793 1627 902 1712 tragici
925 1648 1024 1710 neque
1048 1625 1106 1688 hoc
1126 1646 1182 1688 nec
1202 1644 1322 1707 compo-

238 1739 314 1804 sitis.
339 1739 598 1821 Ἀνισλάζυσθαι
622 1749 667 1803 est
692 1739 761 1805 Hel.
782 1743 856 1825 917,
877 1739 1115 1820 ἀντιλάζυσθαι
1137 1737 1227 1802 Orest
1245 1736 1319 1813 701,

239 1850 330 1930 alibi,
355 1850 568 1933 ἐπιλάζυσθαι
592 1853 691 1917 Andr.
717 1857 792 1930 249,
816 1853 1052 1935 τρσσλάζνσθαι
1078 1853 1154 1917 Heo.
1178 1854 1230 1914 64.

284 1967 378 2030 1028.
402 1972 538 2043 γνοῦσα
561 1988 617 2050 pro
637 1965 695 2031 σθν
714 1989 757 2043 γε
772 1967 888 2031 correxi
909 1962 1141 2049 VersloyenIV,
1158 1946 1186 2041 1',
1202 1986 1229 2047 p.
1245 1965 1319 2039 100,

237 2085 356 2142 mutato
390 2079 422 2141 in
460 2079 607 2162 virgulam
644 2087 758 2163 puncto
794 2087 865 2164 post
893 2079 1015 2159 φόνους,
1047 2077 1130 2162 quod
1161 2098 1319 2161 operarum

239 2215 339 2256 errore
364 2193 517 2258 remansit.
540 2183 712 2258 Sententia:
737 2203 773 2257 et
800 2192 870 2258 ubi
897 2194 981 2278 (nam
1006 2193 1105 2277 pergit
1128 2191 1159 2255 in
1177 2191 1321 2255 instituta

238 2306 386 2390 oratione)
422 2305 578 2371 latebit
613 2307 799 2371 maritum
833 2314 945 2370 tuum
980 2314 1018 2370 te
1052 2304 1319 2389 comperisse,

237 2442 328 2504 quae
364 2426 403 2483 ut
439 2427 472 2483 te
507 2421 651 2484 lateant
685 2419 826 2497 studet,
862 2441 970 2503 nempe
1005 2418 1078 2483 olim
1109 2440 1171 2481 rem
1206 2439 1238 2480 se
1268 2416 1319 2480 ha·

236 2531 339 2596 buisse
372 2554 440 2596 cum
473 2532 533 2597 alia
564 2533 706 2606 muliere,
739 2543 769 2597 ct
800 2540 907 2596 natum
935 2554 999 2596 esse
1022 2553 1058 2594 ex
1082 2529 1135 2593 illa
1158 2537 1321 2593 consuetu·

236 2645 308 2709 dine
339 2645 446 2710 filium.
481 2645 562 2710 Nam
586 2648 611 2710 si
634 2646 735 2711 caedis
758 2647 896 2711 convicta
919 2645 997 2709 foret
1019 2643 1115 2728 (quod
1141 2642 1270 2707 Athenis
1293 2642 1319 2705 si

235 2759 342 2823 Ionem
373 2759 590 2837 interfecisset,
626 2783 688 2825 non
724 2767 844 2844 poterat
878 2781 938 2822 non
974 2758 1068 2843 fieri),
1103 2779 1139 2821 eo
1164 2757 1231 2840 ipso
1255 2762 1341 2827 eret,

236 2873 465 2956 appariturum,
490 2873 635 2937 Oreiisam
659 2896 722 2937 rem
746 2873 911 2937 rescivisse.
942 2870 1105 2935 Librorum
1128 2870 1218 2935 lectio
1237 2891 1320 2954 pror·

235 3007 288 3048 sus
311 2983 445 3048 absurda
467 2994 521 3050 est.

283 3100 378 3163 1029.
409 3095 499 3163 οἶσθ’
522 3136 565 3146 —
597 3097 783 3179 θδράσσν.
820 3098 866 3165 Cf.
889 3097 1006 3163 Porsen
1031 3098 1069 3162 ad
1092 3098 1166 3163 Hec.
1193 3099 1256 3160 220
1287 3102 1319 3160 et

236 3210 372 3296 Elmsley
404 3212 441 3275 ad
472 3211 509 3277 Ο.
533 3212 568 3278 R.
597 3216 660 3276 543
685 3235 844 3296 meamque
868 3211 906 3276 ad
931 3211 1060 3276 eundem
1084 3211 1187 3275 locum
1212 3209 1317 3274 adnot.

236 3322 319 3389 Meu.
355 3329 418 3389 600
447 3334 528 3388 recte
561 3325 695 3410 Elmsley
723 3323 792 3391 οἶσθ’
820 3327 857 3397 ὡς
880 3322 1028 3402 μετεῢξ
1036 3348 1073 3388 αι
1097 3344 1151 3408 pro
1174 3321 1317 3400 μετεθξει.

235 3438 401 3525 Reliquum
426 3441 528 3505 locum
551 3442 681 3507 correxit
705 3440 802 3505 Cobet
821 3438 858 3505 V.
880 3440 907 3505 L
939 3463 968 3524 p.
994 3441 1057 3505 572
1082 3438 1142 3522 (ed.
1165 3437 1222 3521 Π).

282 3556 376 3620 1030.
399 3555 581 3636 χρύσωμ’.
605 3554 822 3638 Quaecumque
840 3576 876 3617 ex
893 3576 967 3618 auro
980 3552 1185 3617 conficiuntur
1197 3549 1318 3614 vascula

234 3667 282 3731 vel
305 3666 374 3746 alia,
398 3668 586 3749 χρυσώματα
607 3675 762 3732 vocantur.
778 3666 849 3731 Vid.
869 3665 981 3730 Pollux
997 3663 1072 3743 VII,
1094 3667 1169 3742 103,
1186 3663 1227 3741 Χ,
1243 3665 1316 3728 174.

234 3779 357 3845 Mosen
392 3779 438 3845 cf.
460 3781 678 3861 ἀργυρώματα,
701 3779 916 3861 χαλκώματα,
940 3778 1136 3860 σιδνράματα.

281 3894 376 3957 loto.
407 3891 471 3981 (lor
503 3914 557 3976 pro
585 3893 730 3974 δεστοῖειν
759 3892 895 3957 Diodori
914 3892 1002 3957 malit
1024 3891 1183 3969 δεστθσειν,
1208 3890 1315 3955 vallem

233 4004 439 4090 significasset.
951 4015 955 4021 '

280 4121 376 4182 1039.
412 4118 527 4196 μέθες
562 4118 662 4184 τθδα
696 4118 863 4183 insolenter
896 4117 1024 4183 dictum.
1063 4116 1167 4201 Vulgo
1200 4114 1316 4179 dicitur

233 4226 312 4294 ιιθδα
345 4231 467 4306 τιθέναι,
503 4229 606 4313 α7ρειν,
642 4231 779 4306 ἱστάναι,
814 4231 1005 4314 καθιστάναι,
1040 4227 1229 4311 μεθιστάναι,
1261 4225 1315 4290 sed

233 4362 333 4426 neque
355 4343 426 4408 ἱέναι
449 4365 549 4428 neque
570 4345 690 4426 άφιέναι
711 4366 812 4427 neque
830 4341 957 4423 μεθιέναι
977 4343 1052 4408 atla
1068 4362 1197 4426 usquam
1207 4340 1314 4424 legere
