3112 4914
287 357 349 420 128
703 376 956 420 conprimimus.

284 577 367 649 χρῆν.
395 542 517 632 Dicitur
540 569 664 653 quidem
688 540 746 650 χρῇ
770 571 784 631 ό
806 568 884 645 θεός,
909 572 925 644 ἡ
949 570 1111 645 Πυθία-τό
1134 577 1290 648 μαντεῖον,
1316 571 1367 633 sed

284 705 346 745 non
370 682 484 746 dicitur
505 692 563 763 χρῇ
587 684 600 747 ό
624 683 707 764 νεός,
733 682 766 746 τό
787 683 867 761 ἱερόν,
886 705 941 746 nec
958 690 1060 747 tamen
1077 683 1161 763 aliud
1177 681 1226 757 tn
1239 689 1371 768 (praeter

285 794 498 872 simulacrum,
524 795 606 879 quod
632 795 724 859 huius
740 796 801 859 loci
817 819 878 860 non
896 799 954 879 est)
973 798 1144 882 significare
1161 807 1262 881 potest
1278 820 1369 882 quam

284 908 452 992 templum,
484 930 546 972 non
578 908 755 984 oraculum,
789 917 824 974 ut
859 911 977 995 opinor.
1024 911 1157 995 Insuper
1186 912 1237 974 vix
1269 912 1371 995 potuit

286 1027 401 1091 Oreiisa
423 1027 495 1091 inde
518 1027 602 1112 quod
627 1027 712 1091 sibi
729 1038 810 1093 certa
834 1030 872 1093 de
896 1053 988 1094 causa
1013 1030 1088 1094 deus
1111 1031 1294 1116 respondere
1318 1054 1370 1095 no-

285 1141 380 1214 lebat,
406 1140 521 1204 efficere
541 1141 654 1206 frustra
677 1142 834 1206 oraculum
851 1143 971 1206 consuli
987 1144 1024 1207 ab
1040 1143 1227 1208 hominibus.
1253 1143 1367 1208 Eodem

284 1254 477 1318 incommodo
508 1254 626 1319 laborat
656 1255 828 1319 Kirchhoffi
851 1258 1027 1322 coniectura
1049 1256 1148 1329 ἄλλοις
1173 1257 1218 1337 ἄρ’
1243 1255 1275 1333 ἦν
1296 1240 1388 1337 xps-¹

284 1366 384 1446 στόρό.
422 1367 618 1452 Quapropter
640 1369 708 1433 loco
731 1370 858 1434 fortasse
880 1370 990 1435 melius
1014 1371 1156 1435 consulas
1173 1371 1367 1435 coniciendo:

285 1479 384 1552 ἄλλως
408 1479 461 1561 ἄρ’
486 1477 597 1555 ἦλθον
621 1485 635 1546 ε’
643 1483 749 1560 adolff,
775 1491 829 1546 aut
853 1484 970 1568 aliquid
994 1491 1073 1548 certe
1096 1485 1128 1548 in
1152 1485 1231 1547 hano
1248 1491 1369 1547 senten-

285 1595 368 1657 tiam.
402 1593 482 1658 Nam
505 1595 572 1678 ipsa
596 1594 687 1658 verba
710 1619 771 1659 non
795 1603 924 1680 praesto.

331 1713 403 1771 391.
436 1709 509 1771 citat
535 1709 725 1772 Herodianus
748 1709 811 1788 περὶ
834 1709 1000 1789 σχναθτων
1025 1733 1071 1795 ap.
1096 1710 1246 1774 Walcium
1271 1708 1367 1785 VIII,

286 1843 315 1905 p.
339 1824 403 1884 584
428 1832 458 1884 et
482 1821 580 1886 Schol.
606 1821 695 1885 Hom.
720 1821 758 1885 Il.
782 1831 828 1897 N,
843 1825 929 1887 ¹257.
953 1823 1092 1887 ΚΙκοΗΗ.

331 1937 394 1997 393
409 1957 453 2016 sq.
475 1937 541 2004 Τόος
564 1935 728 2014 Τροφωνίου
743 1936 920 2013 θκλνόμας.
945 1936 1136 2001 Vocabulum
1150 1937 1275 2021 proprie
1284 1959 1368 1999 usur-

286 2057 377 2132 patur
400 2049 437 2111 de
461 2050 592 2113 ferarum
617 2049 759 2124 latebris,
789 2059 823 2113 ut
848 2050 963 2115 Phoen.
989 2054 1062 2115 931.

331 2165 505 2225 395-400
531 2161 616 2225 Stob.
642 2161 723 2226 Flor.
749 2167 801 2238 74,
827 2167 878 2228 29.

331 2279 405 2338 396.
441 2277 601 2358 aaaron
636 2278 762 2354 λόγος.
797 2276 909 2342 Nauck
941 2277 978 2341 de
1009 2278 1183 2341 coniectura
1208 2299 1262 2340 sua
1285 2299 1367 2360 repo·

285 2389 348 2451 suit
380 2411 434 2478 pro
465 2389 512 2452 nal
544 2390 639 2470 προβῇ
670 2389 776 2466 λόγος,
805 2413 882 2474 quae
907 2391 1012 2474 procul
1037 2390 1131 2455 dubio
1155 2391 1263 2454 vitiosa
1286 2397 1368 2455 sunt.

285 2500 331 2566 cf.
362 2510 454 2564 notus
486 2503 621 2586 plurium
653 2503 825 2568 fabularum
864 2503 1099 2588 Euripidearum
1140 2505 1239 2568 exitus
1270 2504 1368 2568 τοιόνδ’

284 2616 415 2693 darida
430 2617 506 2680 ,τόδε
527 2620 659 2696 τρσῖγροα
686 2618 783 2703 (Med.
808 2619 872 2682 Alc.
898 2619 992 2682 Andr.
1018 2619 1129 2683 Bacch.
1155 2627 1184 2683 et
1208 2619 1313 2700 Hel),
1339 2626 1368 2681 et

284 2728 395 2794 Bacch.
417 2732 491 2794 993.
516 2730 597 2795 Med.
620 2732 703 2794 1117
725 2732 871 2810 saporosa
891 2733 1020 2797 τόκεῖθεν
1049 2727 1085 2796 οἷ
1105 2731 1368 2814 προβήσεται,

286 2845 386 2907 verius
420 2855 494 2927 puto
525 2840 560 2907 ol
582 2844 827 2921 ’τοβόσεται
864 2846 925 2939 Vix
949 2846 1013 2909 ulla
1036 2847 1123 2910 litera
1146 2845 1266 2909 facilius
1290 2847 1369 2930 perit

190 3019 192 3024 ,
285 2980 375 3040 quarn
412 2957 443 3021 P.
476 2957 520 3019 Ea
550 2959 662 3022 inserta
690 2982 787 3042 nuper
815 2962 1002 3042 (Verslupea
1024 2958 1081 3036 IV,
1113 2963 1147 3036 1,
1178 2961 1251 3043 94),
1270 2982 1369 3023 emen·

285 3069 355 3134 davi
388 3071 490 3133 locum
524 3070 706 3156 Supplicum
737 3075 799 3137 417
828 3072 957 3156 legendo
984 3073 1205 3152 διορθρεόονν
1234 3073 1368 3150 λόγοις

285 3207 340 3268 pro
365 3185 563 3264 διορθεύων
587 3185 745 3261 λόγους,
778 3195 808 3248 et
835 3208 904 3249 mox
928 3189 997 3249 406
1022 3186 1190 3250 Wakefield
1214 3209 1268 3270 pro
1291 3210 1368 3262 σνγ-

284 3299 442 3372 καθθσεται
467 3320 535 3361 vere
559 3299 690 3362 correxit
714 3301 965 3379 συγκραθήσεται,
991 3301 1073 3384 quod
1094 3308 1248 3384 receptum
1270 3307 1315 3363 est
1331 3300 1368 3362 ab

285 3411 437 3474 omnibus.
463 3410 623 3475 Contrario
647 3434 745 3476 errore
763 3414 915 3476 interdum
938 3413 1055 3477 Pmale
1072 3413 1196 3476 additur
1215 3413 1368 3496 ascribis,

285 3523 369 3586 velut
404 3524 485 3607 apud
524 3524 708 3608 Aeschylum
745 3525 844 3588 Proin.
877 3529 918 3587 49
951 3523 1060 3588 ἅπαντ’
1092 3526 1267 3605 ἕτροόχθκ
1292 3525 1369 3597 τλόν

284 3637 368 3701 θεοῖσι
391 3643 544 3715 κοιρανεῖν,
573 3635 628 3699 ubi
657 3646 739 3700 certa
768 3637 979 3702 emendatione
999 3637 1120 3720 Stanlcp
1140 3637 1211 3700 olim
1233 3639 1370 3721 reposuit

284 3748 299 3811 ε’
308 3772 361 3811 τοι
369 3749 453 3829 χθῆ.
489 3747 660 3811 Lenissima
684 3749 780 3832 igitur
804 3755 849 3812 est
874 3745 1008 3810 Nauckii
1032 3749 1220 3823 coniectura,
1242 3770 1320 3831 quae
1344 3749 1369 3810 si

285 3884 356 3924 aera
380 3869 443 3937 est,
465 3862 616 3924 sententia
637 3861 680 3923 sio
705 3860 898 3944 exponenda:
924 3883 969 3924 ne
989 3883 1116 3923 sermo
1137 3883 1243 3924 meus
1264 3861 1369 3944 peio-

284 3996 363 4037 rem
399 3984 585 4037 eventum
622 3971 771 4036 habeat
804 3995 918 4056 quam
950 3995 1020 4056 pro
1047 3975 1211 4037 ratione
1238 3974 1368 4059 (mente)

284 4108 361 4170 qua
392 4109 476 4150 eum
509 4086 767 4170 exponebam.
809 4085 881 4148 Non
913 4092 1013 4148 tamen
1043 4085 1173 4148 diffiteor
1196 4109 1243 4148 me
1268 4087 1369 4169 potius

284 4209 473 4284 expectasse:
504 4199 553 4263 καὶ
585 4201 688 4279 κριθῇ
715 4197 803 4274 λόγος
827 4198 904 4280 (scil.
929 4199 983 4261 ὑτό
1005 4204 1056 4262 τοῦ
1079 4199 1189 4280 ἀνδρὸς)
1216 4200 1273 4276 οὐχ
1297 4195 1368 4278 ᾖτερ

283 4315 364 4392 κτὲ.,
386 4312 407 4377 i.
429 4335 453 4376 e.
478 4321 516 4376 et
539 4335 584 4376 ne
607 4334 690 4376 mea
713 4313 848 4376 oratio
873 4311 1072 4373 aliorsum
1098 4311 1129 4395 (a
1152 4311 1262 4372 marito
1285 4314 1368 4393 meo)
