3112 4914
624 421 877 466 commaneamus,
1234 404 1297 466 163

258 621 332 679 661.
364 615 449 679 Sitne
472 613 604 694 ἁθροίζειν
627 612 820 678 scribendum
846 636 916 677 oum
940 614 1053 698 spiritu
1077 614 1139 677 leni
1163 635 1200 677 an
1225 637 1294 679 cum

213 752 338 815 aspero,
364 730 550 792 dissentiunt
574 737 689 792 veteres
713 729 913 811 grammatici.
943 727 1091 792 Videatur
1115 728 1249 793 Dindorf
1264 731 1295 794 in

213 844 370 907 Thesauro
393 843 452 906 snb
477 864 566 918 voce,
591 864 728 927 quaeque
748 843 814 925 ipse
832 842 939 925 scripsi
954 841 1044 906 Stud.
1061 843 1157 907 Thus.
1174 866 1202 927 p.
1222 847 1295 908 125.

261 960 324 1019 661
342 979 386 1040 sq.
413 957 480 1018 Mos
505 965 569 1019 erat
592 955 673 1039 apud
698 963 830 1030 veteres,
855 964 890 1018 ut
914 955 967 1037 qui
991 977 1116 1038 peregre
1132 956 1297 1040 profecturi

213 1077 314 1134 essent
337 1069 485 1132 conviviis
509 1069 622 1131 amicos
639 1090 710 1131 suos
728 1069 914 1152 exciperent,
933 1068 1088 1131 sacrificiis
1105 1078 1205 1132 autem
1224 1070 1296 1133 deos

212 1183 363 1246 colerent:
400 1182 563 1265 aliquando
586 1183 691 1246 etiam
728 1190 763 1246 ut
798 1183 882 1245 domi
917 1192 1074 1246 manentes
1106 1184 1295 1267 profecturos

212 1317 316 1359 mensa
347 1304 377 1358 et
409 1295 528 1378 poculis
561 1295 762 1373 honorarent3
787 1297 861 1380 quin
886 1304 917 1359 et
941 1319 1065 1380 peregre
1090 1298 1241 1381 profectos
1266 1308 1296 1362 et

212 1418 282 1493 post
316 1408 492 1472 diuturnam
528 1407 693 1472 absentiam
730 1409 856 1473 reduces
891 1411 980 1474 amici
1012 1420 1065 1474 aut
1096 1421 1235 1495 parentes
1267 1421 1296 1475 61

212 1523 333 1606 cognati
356 1523 438 1585 laute
461 1522 530 1585 illos
554 1524 690 1607 excipere
714 1523 862 1588 solebant.
893 1523 1028 1587 Breues

259 1639 331 1700 665.
356 1638 511 1714 μέλλων
534 1675 579 1685 -
601 1641 791 1702 ἐκλιπεῖν.
825 1637 872 1701 Of.
899 1642 950 1715 80,
979 1640 1052 1714 7611,
1079 1642 1175 1716 1210,
1203 1642 1317 1722 1265„

212 1752 326 1815 Aeristi
360 1774 448 1814 usum
479 1762 549 1835 post
579 1752 697 1827 μέλλειν
727 1753 818 1836 longe
841 1753 983 1816 rariorem
1008 1775 1187 1838 essequam
1212 1775 1295 1838 prae·
1394 1745 1396 1748 ’

212 1866 306 1928 sentis
336 1871 389 1928 aut
413 1865 509 1928 futuri
533 1887 623 1928 nemo
648 1864 738 1927 hodie
761 1865 853 1949 paulo
878 1865 997 1928 doctior
1019 1866 1149 1948 ignorat.
1187 1865 1298 1930 Videa-

213 1987 263 2043 tur
293 1978 410 2042 Porson
435 1979 472 2041 ad
497 1976 598 2042 Orest.
623 1981 686 2041 928
712 1987 743 2040 61
766 1978 900 2061 Elmsley
925 1978 962 2041 ad
988 1979 1108 2042 Heruol.
1135 1981 1217 2056 710,
1243 1978 1297 2043 ubi

213 2093 338 2176 collegit
362 2092 499 2176 exempla
522 2092 604 2175 apud
628 2094 759 2175 tragicos
786 2101 816 2155 et
841 2093 1077 2176 Aristophanem
1101 2092 1205 2171 obvia,
1231 2095 1298 2177 qui-

213 2206 270 2269 bus
299 2206 421 2270 nullum
446 2205 517 2268 addi
541 2213 642 2289 potest
666 2228 701 2268 ex
725 2205 910 2288 reliquorum
937 2207 1122 2270 comicorum
1147 2207 1296 2290 fragmen·

213 2321 262 2383 tis.
298 2319 379 2383 Nam
413 2319 578 2383 Menandri
608 2341 688 2383 mon.
721 2322 784 2382 349
818 2320 895 2394 μένει
927 2319 951 2381 δ’
979 2321 1092 2399 ἑκάστῳ
1123 2321 1199 2384 redd
1228 2319 1295 2400 ἕπερ

213 2433 317 2508 με’λλει
349 2434 451 2496 παθεῖν
485 2439 519 2494 61
552 2432 695 2515 pleraque
727 2433 759 2494 in
791 2455 825 2494 ea
855 2432 1032 2496 collectione
1060 2435 1207 2516 sequioris
1232 2434 1297 2496 aevi

212 2545 307 2608 fetum
341 2568 405 2607 esse
437 2545 501 2608 noli
532 2543 681 2609 dubitare.
725 2545 859 2628 Elmsley
892 2545 1077 2630 ubicumque
1108 2546 1168 2611 levi
1196 2569 1296 2610 emen-

216 2659 338 2722 datione
370 2659 519 2722 Futurum
554 2667 607 2722 aut
630 2657 776 2723 Praesens
800 2661 922 2723 restitui
944 2662 1056 2744 possit,
1081 2662 1124 2723 ita
1147 2661 1296 2744 corrigen·
1336 2727 1338 2731 ,

213 2772 285 2834 dum
319 2772 476 2855 opinatur,
511 2773 636 2854 eiusque
667 2772 814 2836 iudicium
847 2780 970 2836 secutus
999 2781 1044 2837 est
1069 2772 1215 2846 Dindorl,
1242 2773 1296 2856 qui

214 2888 359 2951 Androm.
392 2889 466 2964 408,
500 2889 573 2969 571,
604 2887 669 2952 166.
701 2890 783 2950 1210
817 2898 847 2951 et
873 2891 957 2950 1265
983 2911 1037 2972 pro
1061 2895 1175 2952 κτανεῖν
1200 2887 1296 2949 edidit

211 3009 335 3076 κτενεῖν,
363 3001 429 3064 1161.
459 3003 540 3064 1052
564 3008 754 3065 κατακτενεῖν
777 3024 832 3085 pro
854 3009 1044 3066 κατακτενεῖν
1064 3024 1118 3086 pro
1138 3024 1292 3065 κατακτα-
1361 2979 1363 2984 ,

212 3122 284 3189 νεῖν,
314 3123 420 3177 contra
448 3114 563 3177 Heracl.
591 3115 654 3178 716
679 3115 799 3177 61166.
827 3117 889 3177 665
916 3116 1064 3198 singulari
1088 3114 1295 3177 inconstantia

211 3228 336 3310 reliquit
358 3234 453 3291 λιπεῖν
478 3233 507 3290 61
523 3229 661 3302 ε’κλιπεῖν,
684 3228 823 3311 quamvis
846 3227 976 3310 Elmsley
990 3230 1099 3292 λείπειν
1112 3236 1141 3290 61
1153 3228 1295 3291 ἐκλείπειν

213 3341 416 3423 rescripserit,
442 3340 529 3403 cuins
554 3341 742 3403 coniecturas
759 3340 805 3402 his
822 3338 951 3403 1661666
968 3341 1145 3404 memoravit
1161 3340 1295 3422 quidem.

213 3454 364 3539 Equidem
388 3453 472 3517 haud
496 3475 562 3515 sum
588 3453 708 3516 nescius
732 3475 880 3516 summam
905 3476 969 3516 esse
989 3451 1181 3516 librariorum
1198 3454 1229 3516 in
1246 3454 1294 3517 his

212 3569 318 3632 formis
342 3566 565 3632 confundendis
588 3567 752 3643 incuriam,
786 3566 838 3629 sed
863 3588 924 3650 quo
948 3566 1070 3630 tandem
1095 3577 1183 3650 paeto
1207 3565 1294 3629 (11116-

212 3679 383 3744 dicabimus
408 3679 483 3760 quid
506 3678 581 3762 ipsis
606 3679 805 3762 scriptoribus
830 3679 901 3743 dare
926 3679 1090 3764 placuerit,
1117 3677 1170 3741 ubi
1194 3685 1294 3742 certo

212 3793 372 3856 certius
408 3799 575 3855 constat
607 3791 793 3875 Aeschylum
830 3792 930 3856 Prom.
963 3796 1025 3854 665
1058 3792 1171 3856 dixisse
1193 3791 1294 3867 μέλλω

212 3909 369 3980 παθεῖν,
400 3903 581 3988 Euripidem
613 3903 695 3966 Med.
729 3907 792 3966 393
823 3905 924 3980 με’λλω
947 3906 1077 3968 θανεῖν
1101 3912 1130 3966 61
1155 3903 1296 3965 similiter

214 4020 309 4102 Hipp.
336 4021 408 4094 ⁷23,
430 4017 467 4080 Io
493 4019 567 4090 760,
593 4015 638 4079 El.
666 4019 715 4092 17,
740 4015 807 4099 Iph.
831 4016 864 4080 ’1.
889 4021 971 4092 4843
988 4016 1054 4080 Ion.
1072 4018 1112 4078 80
1130 4024 1161 4078 et
1176 4013 1245 4099 Iph.
1261 4014 1294 4077 T.

216 4137 299 4196 1264
323 4134 427 4208 μέλλεν
451 4137 608 4211 τυχεῖν,
629 4129 860 4213 Aristophanem
882 4129 959 4193 th.
978 4132 1062 4192 1159
1078 4129 1222 4204 λαβεῖν,
1235 4128 1293 4191 Av.

212 4250 274 4312 367
309 4246 431 4323 μέλλετ’
454 4280 499 4291 -
521 4242 735 4326 ἀπολέσαι,
768 4243 838 4327 Lys.
874 4246 934 4306 118
962 4244 1099 4320 μέλλοιμι
1122 4281 1167 4292 -
1190 4239 1295 4315 ldie?

211 4361 365 4442 Quocirca
388 4357 484 4441 magis
508 4356 661 4420 laudanda
685 4357 760 4420 mihi
784 4357 905 4420 videtur
928 4345 1065 4420 Nauckii
1089 4354 1294 4438 cautela,qui

1147 4467 1194 4516 ll*
