3112 4914
265 379 328 441 110
682 395 936 441 6666666666.

262 589 359 660 πόλιος
389 587 486 653 trram
516 589 546 653 δὲ
576 595 631 654 τῶν
661 589 775 655 πυλέων
801 590 851 654 καὶ
874 599 927 664 τῆς
953 590 1072 665 οὶνόδου,
1097 601 1134 672 τῇ
1160 592 1193 665 δὴ
1216 591 1283 655 οὔτε
1306 614 1351 662 τις
1387 673 1389 678 Ι

262 705 417 785 ἐφύλασσε
447 701 506 768 οὔτ’
538 702 574 768 ἂν
608 705 714 779 ἤλπισε
744 706 786 781 μή
816 704 882 770 κοτέ
912 730 956 777 τις
985 707 1067 770 κατὰ
1093 711 1195 770 ταῦτα
1218 706 1351 782 ἀναβαίη

262 819 432 897 ἀνθρώπων,
463 818 559 900 ταύτῃ
588 818 738 895 οὶνὲβησοὶν
772 843 845 890 τινες
875 821 957 884 κατὰ
989 820 1023 883 τὸ
1053 821 1108 899 ἱρὸν
1132 829 1185 894 τῆς
1209 820 1369 901 Κέκροπος»

262 931 417 1014 θυγατέρος
437 932 614 1012 Ἀγλαύρου,
627 930 745 1020 καοΊτον]
759 956 812 1011 τερ
824 935 1009 1011 ἀποκρήμνου
1021 933 1113 1005 ἐόντος
1127 940 1178 999 τοῦ
1190 935 1294 1014 χώρου.
1307 973 1351 984 -

264 1045 388 1110 Frustra
412 1045 521 1110 Reiske
544 1068 598 1130 pro
622 1047 757 1111 θανοῦσαι
782 1048 914 1111 coniecit
938 1049 1074 1127 θοροῦσα.
1099 1090 1104 1101 κ

309 1162 384 1224 275.
408 1156 502 1236 εἷεν,
527 1181 593 1242 age
618 1181 719 1236 vero,
744 1169 789 1223 est
813 1160 984 1224 interiectio
1001 1161 1101 1245 (extra
1116 1161 1297 1225 66661661.
1314 1162 1350 1224 ad

265 1279 344 1362 240)
368 1284 497 1359 cognata
519 1297 587 1339 cum
613 1271 660 1340 εἷα
683 1275 735 1358 (cf.
757 1273 844 1339 ἕνεκα
866 1312 910 1323 -
933 1273 1058 1359 ἕνεκεν),
1076 1297 1155 1359 6666
1168 1275 1246 1340 nihil
1259 1275 1350 1339 habet

264 1413 425 1455 commune
448 1411 517 1453 cum
542 1389 688 1474 Optativo
714 1389 797 1453 verbi
820 1387 911 1467 εἶναι,
937 1411 1007 1454 666
1028 1411 1089 1473 666
1106 1389 1255 1453 confundi
1273 1390 1352 1453 solet

264 1504 464 1589 aplerisque.
498 1500 697 1568 Memorabile
728 1515 774 1567 est
806 1505 839 1568 in
861 1505 992 1568 formula
1020 1501 1090 1568 εἷεν
1113 1503 1205 1569 ἀκούω
1231 1504 1352 1587 (Aesch.

265 1617 401 1702 theph.
435 1620 514 1690 646,
550 1617 644 1681 Arist.
674 1618 710 1682 fr.
744 1619 840 1702 666),
877 1619 1015 1682 ultimam
1040 1618 1186 1702 syllabam
1212 1619 1350 1703 produci.

311 1735 385 1797 275.
410 1730 457 1794 Of.
483 1733 579 1796 1537.

311 1847 385 1909 277.
421 1843 641 1924 παρθένους.
680 1835 850 1927 Hesychius
884 1847 1082 1926 Παρθένον·
1110 1847 1166 1919 τοὶς
1189 1845 1350 1928 Ἐρεχθέως

265 1958 428 2037 θυγατέρος
462 1955 549 2029 οὕτως
585 1955 687 2032 ἔλεγον
720 1956 770 2020 καὶ
805 1958 820 2020 ε’
827 1958 866 2022 τί
873 1983 958 2035 μων.
1005 1959 1134 2024 Easdem
1171 1960 1351 2032 ’Ύααίνθιδας

266 2073 363 2136 dictas
398 2095 462 2136 esse
494 2073 536 2134 ait
567 2070 920 2136 Pseudo-demosthenes
951 2096 1018 2158 pag.
1054 2077 1208 2151 1397,18.
1252 2074 1353 2137 Unam

265 2195 385 2252 tautum
418 2195 448 2250 66
479 2208 531 2249 sex
558 2184 722 2249 Erechthei
745 2184 866 2250 filiabus
891 2189 1075 2272 oppetivisse
1099 2197 1227 2252 mortem
1245 2189 1272 2269 1)
1296 2196 1352 2251 tes·
1389 2169 1392 2174 Ι

265 2310 350 2365 tatur
373 2299 494 2375 fabula,
519 2300 640 2385 qualem
665 2309 790 2364 narrant
812 2300 974 2386 Lyeurgus
998 2325 1024 2366 c.
1049 2301 1156 2367 Leoor.
1182 2326 1210 2387 p.
1233 2305 1303 2380 166,
1321 2305 1351 2378 9,

266 2415 347 2480 Plut.
380 2414 457 2482 Mor.
489 2437 519 2498 p.
553 2417 633 2491 310,
667 2414 851 2478 Demaratus
882 2415 913 2478 in
947 2416 1089 2481 Muelleri
1117 2416 1164 2480 Er.
1191 2416 1272 2480 Hist.
1296 2414 1351 2492 IV,

266 2549 336 2613 pag.
365 2527 440 2604 397,
468 2526 676 2611 Apollodorus
700 2527 762 2611 ΙΙΙ,
793 2531 834 2591 14
859 2535 889 2590 et
915 2532 965 2592 15.
993 2528 1038 2592 of.
1062 2528 1152 2593 Paus.
1179 2528 1205 2604 I,
1232 2533 1261 2604 2,
1286 2530 1352 2612 65.

265 2642 323 2705 Sed
355 2641 393 2704 do
425 2639 567 2724 pluribus
600 2640 707 2704 Cicero
741 2662 864 2725 quoque
895 2641 1033 2725 loquitur
1056 2642 1147 2706 Tusa.
1172 2641 1198 2718 Ι,
1225 2645 1279 2705 48.
1314 2640 1351 2704 In

265 2756 347 2821 bello
370 2778 440 2820 cum
465 2754 632 2819 Eleusiniis
657 2762 687 2818 et
710 2755 864 2839 Eumolpo
888 2752 1081 2819 Erechtheus
1098 2754 1256 2819 oraculum
1273 2774 1354 2817 aecc-

267 2880 368 2956 perat,
382 2893 425 2933 se
450 2870 593 2933 victorem
618 2869 699 2945 fore,
721 2869 748 2931 si
773 2892 864 2934 unam
890 2851 984 2934 liliam
1009 2871 1216 2934 mactavisset:
1240 2880 1353 2933 macta-

267 2985 311 3046 vit
344 2991 446 3047 autem
480 2991 555 3045 natu
592 2981 767 3071 minimam,
805 2992 835 3044 et
858 2983 963 3046 occiso
999 2983 1151 3068 Eumolpo
1188 2984 1353 3067 reportavit

267 3098 433 3163 victoriam.
456 3095 604 3160 Fabulam
630 3097 772 3160 tractavit
795 3095 960 3181 Euripides
980 3098 1012 3161 in
1026 3097 1247 3176 Erechtheo,
1264 3098 1352 3161 cuius

266 3212 409 3276 dramatis
434 3233 545 3295 magua
568 3219 688 3274 exstant
711 3210 891 3295 fragmenta.
930 3210 977 3275 Of.
1001 3212 1151 3296 imprimis
1174 3211 1210 3275 fr.
1237 3214 1301 3274 662
1323 3219 1354 3274 66

267 3329 332 3388 366
357 3323 496 3408 (Dind.),
515 3325 546 3387 in
569 3323 681 3407 quibus
702 3323 792 3387 verba
811 3324 883 3388 facit
899 3323 1064 3388 Erechthei
1080 3347 1157 3388 uxor
1173 3324 1353 3409 puellaeque

267 3451 363 3503 mater
400 3438 570 3502 Praxithea.
613 3436 765 3501 Videatur
800 3459 923 3522 quoque
967 3438 1073 3503 Cicero
1117 3417 1185 3522 pro
1220 3437 1353 3501 Sestio

266 3576 331 3638 cap.
358 3558 409 3618 21.
432 3552 594 3615 Erechthei
620 3550 728 3634 templi
752 3550 905 3634 hodieque
929 3550 1083 3635 praeclara
1104 3549 1214 3614 rudera
1233 3558 1353 3614 exstant

265 3671 298 3732 iu
321 3691 397 3732 arce.
433 3666 478 3731 Of.
502 3667 634 3730 Pausan.
659 3665 686 3744 I,
710 3667 763 3744 26,
786 3667 803 3749 6
827 3668 856 3728 6.

312 3784 385 3845 280.
411 3778 497 3842 Libri
522 3774 563 3850 ἦν.
589 3777 678 3841 11666
702 3777 831 3841 formam
856 3778 887 3840 in
912 3778 1011 3861 prima
1031 3799 1159 3861 persona
1178 3777 1353 3859 apudauti·

267 3896 390 3980 quiores
413 3895 533 3957 Atticos
554 3915 592 3956 ne
612 3902 682 3956 ante
695 3891 829 3955 vocalem
844 3892 967 3975 quidem
980 3890 1133 3955 ferendam
1144 3913 1206 3954 esse
1219 3891 1352 3956 concedo

302 4192 327 4253 1)
352 4189 395 4238 An
417 4189 482 4240 forte
505 4191 597 4240 harum
620 4190 741 4254 imagines
765 4189 856 4240 referre
871 4189 999 4256 putandae
1016 4195 1076 4239 suut
1094 4196 1108 4239 6
1126 4190 1272 4249 simulacra,
1289 4207 1353 4254 quae

268 4287 387 4348 κανηφόροι
404 4279 480 4330 hodie
497 4281 591 4339 dictae,
609 4289 675 4349 napae
692 4279 724 4328 ab
741 4279 865 4342 antiquis,
883 4278 981 4327 faciunt
997 4278 1124 4343 prostasin
1136 4279 1163 4328 iu
1174 4295 1203 4328 ea
1214 4279 1352 4328 Erechthei

266 4374 353 4434 parte,
369 4385 433 4433 quae
450 4370 581 4420 dicebatur
598 4369 766 4434 Cecropium?
784 4367 823 4416 cf.
836 4380 928 4426 crau,
938 4367 1048 4416 6666661
1057 4369 1163 4417 Athens.
1172 4383 1229 4433 pag.
1240 4369 1287 4416 430
1297 4384 1352 4432 sqq.
