3112 4914
284 383 324 450 76
702 402 953 446 conuenere-ros.

326 597 377 659 32.
408 597 488 676 αὐτῷ
520 597 571 660 σὺν
604 593 706 672 appe.
746 594 855 658 Rarior
882 595 913 658 in
946 595 1073 678 antiquo
1101 618 1238 660 sermone
1263 597 1366 660 Attico

284 732 355 773 usus
384 709 633 793 praepositionis,
659 709 713 792 qui
737 708 791 772 ubi
814 709 902 779 κὺτίς
926 708 1052 772 additur
1075 707 1174 772 omitti
1195 708 1287 785 solet,
1306 732 1368 773 mo·

283 824 360 886 visse
396 823 516 886 videtur
552 821 746 900 Nauekium,
786 831 820 886 ut
854 823 1005 886 oonieeret
1039 826 1118 902 ωὐτῷ
1153 822 1366 904 ζοχάττρω.

283 935 400 1000 Dubito
438 945 540 1000 tamen
572 959 645 1000 num
679 937 772 1015 cista,
804 935 903 1019 qualis
935 937 985 1000 hio
1010 935 1192 1000 describitur
1216 937 1367 1001 vimine

280 1057 411 1135 texta,
437 1051 480 1114 ita
502 1050 564 1114 dici
581 1051 723 1134 potuerit.
748 1049 914 1114 Videamus
932 1050 1012 1114 enim
1027 1051 1293 1134 grammaticorum
1311 1059 1368 1115 tes·

280 1166 416 1229 timonio.
442 1163 614 1248 Hesychius
635 1164 852 1249 ζοχοίστρ(ι)ον·
874 1164 1015 1240 κιβώτιον.
1031 1163 1252 1245 (tenerior
1269 1165 1302 1248 (l.
1319 1164 1366 1245 ζιί-

280 1280 438 1364 γωστρον)·
469 1279 611 1355 κιβωτός,
646 1277 722 1357 τορὸς
755 1277 864 1352 ξυλίνη.
898 1277 1010 1341 Pollux
1043 1277 1124 1361 VII,
1160 1280 1198 1341 79
1235 1280 1274 1350 είς
1298 1275 1319 1342 ά
1343 1279 1367 1341 δ’

280 1393 418 1457 ἀπέθεντο
437 1391 493 1462 τοὶς
513 1393 636 1465 ἐσθῆτάς
647 1392 781 1468 τούτοις,
800 1390 920 1470 χηλοὶ
940 1391 994 1467 μὲν
1006 1392 1069 1454 κοί
1085 1391 1224 1470 Ὅμηρον,
1242 1399 1365 1455 κοῖτοοι

281 1505 309 1569 δὲ
340 1503 389 1569 aul
423 1503 591 1580 κιβωτὸν
622 1504 673 1567 κκί
705 1504 839 1569 κίττοιι
871 1504 921 1568 nul
952 1504 1177 1584 ζυγάστριω
1201 1505 1283 1584 τκρά
1306 1513 1365 1576 τοῖς

281 1618 419 1698 νεωτέροις
436 1619 483 1682 κοιί
505 1618 627 1698 ῥίσκον
644 1618 696 1682 ’κοιί
721 1619 983 1700 κωνδιίτοινες,
1001 1618 1067 1689 ίτως
1084 1643 1133 1683 κκι
1149 1619 1288 1699 άίρτκι
1307 1621 1366 1685 κτὲ.

281 1733 326 1797 Of.
349 1732 395 1807 X,
423 1735 490 1796 138.
518 1731 717 1816 Etymologus
742 1755 868 1817 maguus
893 1755 920 1816 p.
945 1735 1028 1808 412,
1055 1736 1094 1795 28
1120 1732 1365 1812 ζάχωοτρον,

280 1844 313 1908 τὸ
333 1844 475 1921 κιβώτιον,
496 1843 532 1916 άς
547 1851 619 1924 φησι
638 1853 791 1925 Σοφοκλῆς
810 1845 928 1928 (Ττοο1ι.
947 1847 1024 1926 692)
1041 1845 1125 1924 κοίλῳ
1137 1844 1308 1925 ζνχάττρῳ·
1321 1869 1364 1894 -’-

280 1959 377 2036 κυρίως
402 1961 417 2033 ἡ
441 1956 540 2033 ξυλίνη
564 1959 659 2036 οορίς·
684 1959 790 2036 ιιοορά
813 1958 853 2022 τὸ
877 1958 1115 2039 ἐνεζεῦχίοιι
1135 1958 1197 2022 νηί
1215 1958 1366 2022 ἐνδεδέ-

280 2067 366 2129 οίοιι
389 2068 588 2140 άλληλονις
611 2077 692 2134 TAc
718 2077 906 2133 CANIAAO.
945 2067 989 2132 Of.
1015 2071 1078 2130 443
1088 2119 1097 2151 ,
1124 2071 1163 2130 53
1188 2076 1218 2132 et
1240 2068 1367 2132 Plrotius

280 2179 312 2241 in
345 2201 433 2252 vooe,
466 2181 520 2263 qui
543 2180 630 2243 addit
654 2179 740 2252 οὕτως
764 2181 919 2260 Εὐριπίδης
943 2182 992 2264 (f.
1021 2184 1135 2266 1110),
1162 2181 1216 2245 ubi
1240 2183 1367 2246 fortasse

282 2315 384 2356 verum
410 2294 495 2356 vidit·
510 2293 623 2371 Naber,
645 2318 698 2378 pro
714 2295 858 2379 Euripide
876 2271 1163 2379 Sophoclisnomen
1183 2295 1367 2360 substituen-

281 2404 355 2467 dum
387 2428 450 2467 esse
483 2428 608 2468 monens
639 2407 671 2469 in
703 2407 909 2471 adnotatione.
945 2405 1010 2470 Nee
1042 2409 1167 2471 fortasse
1202 2410 1365 2492 quicquam

281 2517 472 2582 mutandum.
496 2517 541 2583 Of.
566 2518 656 2597 Hom,
680 2519 717 2583 Il.
740 2519 771 2595 Ι,
798 2522 877 2596 194,
901 2519 960 2584 06.
978 2546 1001 2594 ν,
1022 2525 1094 2584 118.
1120 2521 1244 2606 Hippol.
1266 2525 1365 2585 1213:

281 2627 381 2711 ωὖτῷ
415 2632 453 2694 δὲ
486 2633 552 2696 σὺν
586 2631 705 2695 κλύδωνι
740 2633 790 2696 nal
822 2637 958 2714 τρικυμίρι
990 2637 1074 2709 κῦμ’
1106 2633 1218 2708 ἐξέθηκε
1245 2641 1366 2714 τωῦρον,

284 2751 406 2828 propter
430 2768 637 2828 praegressum
661 2747 797 2823 τρικυμίιρ
817 2745 1012 2810 vehementer
1031 2745 1155 2822 dubito,
1172 2770 1244 2810 num
1260 2771 1365 2812 sanum

282 2858 322 2920 sit
344 2865 436 2934 κάμοι.
475 2857 588 2922 Verum
614 2879 678 2922 esse
702 2860 841 2942 suspicor
864 2857 960 2935 οἶδμ’
984 2859 1096 2935 ἐξ9ηκε
1120 2867 1232 2939 τωῦρον.

327 2976 367 3034 35
386 2995 430 3056 sq.
453 2973 500 3036 τά
524 2972 549 3034 δ’
570 2971 655 3036 ἄλλ’
674 3012 718 3021 —
736 2977 827 3051 ἡμῖν
851 2975 1022 3049 μελήσει.
1046 2972 1091 3036 Cf.
1118 2973 1157 3038 H.
1181 2973 1214 3036 F.
1242 2975 1304 3035 726
1321 2996 1365 3056 sq.

327 3089 367 3147 36
386 3107 428 3168 sq.
452 3086 560 3166 χάριν
583 3087 759 3165 πράσσων.
782 3086 827 3151 Gt.
846 3090 919 3152 895.
941 3087 1024 3150 Alibi
1041 3101 1144 3150 noster
1155 3088 1242 3166 χάριν
1255 3087 1367 3165 διδίνοιι,

280 3199 393 3280 aspere,
418 3200 545 3264 τίίεοίωί
567 3224 620 3264 τινι
646 3222 699 3284 pro
720 3199 901 3281 χωρίζεοίωι.
926 3199 971 3265 Cf.
992 3199 1043 3263 Or.
1068 3203 1140 3279 loa,
1162 3204 1236 3279 239,
1257 3200 1304 3265 ΕΙ.
1325 3204 1364 3263 61

281 3312 349 3395 (ubi
367 3314 385 3377 Ι.
402 3315 531 3391 τιίεμένη
549 3313 651 3394 χάριν,
669 3322 704 3377 ut
720 3315 792 3377 olim
809 3315 925 3377 monui.
949 3314 996 3377 of.
1016 3314 1109 3377 Dind.
1126 3314 1211 3378 Soen.
1228 3314 1280 3399 V.)
1297 3321 1366 3380 cett.

327 3430 377 3492 37.
402 3426 554 3506 ἐξάροις.
582 3427 758 3511 Composito
784 3436 872 3512 poeta
895 3450 956 3490 non
985 3427 1085 3491 utitur
1111 3435 1234 3510 propter
1261 3450 1302 3490 vs.
1323 3431 1363 3491 31

280 3542 382 3618 λκβὼν
406 3544 420 3606 ε’
428 3567 445 3605 κ
468 3543 565 3616 κοίλης
589 3566 716 3621 τετράς,
742 3542 794 3605 sed
821 3543 944 3626 ponitur
969 3564 1022 3625 pro
1049 3541 1138 3605 verbo
1163 3541 1309 3626 simplici,
1331 3549 1367 3604 ut

281 3655 399 3720 Heoub.
427 3658 529 3734 1279,
555 3655 636 3720 Med.
663 3659 745 3733 196,
770 3655 852 3720 alibi.

327 3774 378 3834 33.
414 3771 562 3846 ἤνεγκον
596 3769 690 3832 rarior
722 3771 818 3833 forma
851 3791 905 3852 pro
933 3769 1067 3850 ἤνεγκον,
1099 3789 1191 3850 quam
1215 3767 1246 3829 in
1271 3767 1367 3849 prima

281 3906 409 3968 persona
432 3885 538 3968 tragici
559 3906 620 3947 non
643 3884 700 3946 uisi
721 3885 808 3947 metri
829 3905 919 3947 eausa
943 3882 1098 3946 adhibent.
1113 3919 1157 3929 -
1173 3881 1366 3960 κρηπίδων

280 3999 353 4063 ἔτι.
377 3998 573 4081 Significatur
596 3997 704 4081 templi.
727 3996 865 4081 crepida,
891 3996 991 4073 basis,
1013 3996 1045 4059 iu
1067 4017 1128 4078 qua
1149 4002 1231 4058 stant
1255 3994 1367 4057 colum-

281 4138 355 4190 nae,
381 4135 458 4196 quae
482 4114 597 4176 faciunt
625 4115 768 4196 port-iens.

327 4231 377 4291 39.
401 4227 486 4298 κύτος
510 4227 587 4290 male
610 4227 774 4310 repetitum
796 4250 811 4290 e
832 4249 873 4290 vs.
894 4230 953 4301 37,
976 4224 1029 4308 qui
1050 4230 1097 4287 est
1113 4223 1254 4306 frequens
1276 4244 1366 4288 error.

280 4341 330 4407 sie
363 4341 426 4408 Ale.
462 4345 523 4406 706
556 4341 646 4404 πλείω
677 4340 816 4404 λε’λεκτοιι
849 4345 896 4404 νῦν
927 4363 961 4402 τε
988 4337 1037 4402 κοά
1073 4338 1122 4403 τά
1152 4336 1238 4415 πρίν
1264 4335 1366 4402 κωκά
