3112 4914
605 385 862 433 conunnnnulus.
1235 370 1277 433 79

189 579 331 643 adhibuit
362 579 468 660 Plato,
502 581 556 665 qui
589 581 742 646 interdum
774 582 892 645 nudum
925 582 1002 660 δεῦρο
1039 582 1081 646 sio
1105 583 1278 666 usurpavit,

188 692 312 758 Theact.
337 718 364 778 p.
392 698 453 758 143
480 697 506 757 A
531 705 562 758 et
585 695 662 760 Tim.
688 719 717 780 p.
745 698 779 757 21
812 695 849 760 D.

235 809 285 872 58.
318 805 381 872 atrro
409 808 486 872 bene
517 808 664 874 Badham.
699 808 824 895 Hippoi,
858 811 922 872 803
954 809 1035 891 λύντρ
1059 807 1279 888 ταχνωύεῖο’ἣ

189 920 236 985 ’τὸ
266 926 421 1002 τορνφορας
451 923 535 994 τίνος.
568 922 746 986 Rectissime
778 928 884 986 contra
915 928 1070 1004 συμφορᾶς
1106 920 1161 986 dno
1188 919 1281 985 habet

188 1034 307 1099 necue.
336 1039 408 1099 ror.
635 1015 637 1021 ’

235 1152 287 1213 59.
314 1149 570 1221 Χαλκωδοντίδαις.
593 1149 643 1212 Ita
662 1149 736 1212 dicti
753 1156 825 1213 sunt
842 1149 1037 1214 Eubce'enses
1057 1173 1074 1214 a
1091 1173 1161 1234 rege
1174 1173 1277 1215 corum

190 1259 420 1339 Chalcodonte,
457 1263 510 1346 qui
546 1263 582 1327 ab
622 1263 841 1348 Amphitryone
875 1270 918 1336 ct¹
936 1264 1089 1328 Thebanis
1117 1265 1215 1328 victus
1243 1265 1275 1328 in

191 1374 306 1458 proelio
337 1375 435 1459 periit.
470 1374 554 1439 Plut.
587 1376 664 1440 Mor.
698 1399 765 1460 pag.
794 1379 877 1442 1378
903 1387 933 1441 et
957 1377 1098 1442 Eustath.
1124 1379 1156 1441 in
1180 1378 1217 1443 Il.
1242 1378 1279 1444 B.

191 1493 252 1553 541
279 1490 346 1572 (qui
370 1489 453 1553 huno
477 1490 578 1576 locum
602 1491 698 1568 citat).
722 1491 906 1556 Musonnvu.

236 1605 288 1668 60.
321 1603 509 1679 πολέμιος
540 1602 695 1669 κλύδων.
726 1603 832 1689 Suppl.
865 1608 927 1670 447
957 1603 1066 1670 κλύδων
1098 1605 1183 1684 δορύρ.
1217 1606 1280 1688 (of.

119 1769 121 1773 .
190 1715 306 1782 Phoen.
345 1717 442 1799 853),
483 1717 552 1802 Iph.
584 1717 619 1781 Τ.
653 1719 718 1781 316
750 1717 881 1783 κλύδωνα
912 1720 1076 1796 πολεμίων,
1111 1718 1184 1784 Hec.
1213 1721 1274 1782 118

190 1828 274 1907 ἔριδος
305 1830 431 1906 κλύδων,
466 1829 548 1896 Med.
572 1833 636 1894 362
661 1831 793 1896 κλύδωνα
815 1839 927 1909 κακῶν,
957 1831 1077 1916 Frugm.
1101 1835 1166 1894 362
1190 1847 1278 1897 τολε-

191 1943 249 2019 μία
271 1981 316 1990 -
338 1942 428 2024 Φλύξ.

237 2061 288 2122 63.
319 2058 500 2134 ἐγγενής.
533 2056 578 2123 Of.
613 2061 687 2137 293,
719 2059 810 2124 Rhes.
843 2063 918 2137 404,
951 2059 1044 2145 Soph.
1078 2060 1115 2125 O.
1140 2060 1174 2126 0.
1198 2063 1280 2138 052,

191 2173 264 2235 Ant.
290 2174 364 2248 199,
388 2171 436 2236 ΕΙ.
460 2173 535 2236 428.
559 2171 735 2257 Oppcnitur
761 2172 856 2256 ξένος,
884 2173 1004 2248 ἕκηλος.
1035 2173 1127 2237 Recte
1154 2175 1278 2236 Pierson

194 2283 233 2349 Η.
266 2284 299 2350 F.
334 2287 396 2349 257
431 2306 486 2368 pro
516 2286 690 2361 ἐννοιῶν
722 2287 853 2350 coniecit
882 2295 952 2351 τῶν
979 2288 1075 2351 νέων.
1115 2287 1275 2351 Interdum

192 2398 320 2481 ponitur
342 2420 398 2482 pro
421 2397 568 2474 συγγενής
594 2408 621 2462 ν.
644 2419 668 2463 c.
688 2398 736 2463 ul.
757 2402 841 2475 312,
859 2398 965 2484 Suppl.
986 2403 1064 2476 134,
1079 2398 1115 2463 Ο.
1128 2399 1164 2465 Β.
1181 2403 1278 2463 1168.

194 2509 233 2574 Ο.
258 2509 292 2575 O.
319 2513 422 2589 1167,
448 2512 519 2575 Ant.
545 2512 618 2574 659.

237 2627 291 2686 65.
322 2621 484 2695 ύτεκνίρ
514 2624 599 2688 ἕττι
632 2623 697 2687 καί
733 2624 915 2702 Κρέουσα.
953 2625 1001 2688 nd
1034 2633 1219 2688 structuram
1244 2625 1281 2689 cf.

194 2735 259 2800 Alc.
286 2738 366 2812 651,
391 2735 473 2801 Med.
498 2740 581 2814 503,
607 2736 676 2802 Hel.
700 2739 764 2800 412
783 2759 826 2823 sq.

155 2832 164 2838 ’
239 2851 290 2914 67.
319 2847 452 2923 ἥκοντι
473 2886 519 2898 -·
541 2849 650 2929 ἔρωτι
682 2837 840 2916 παίδων.
875 2850 921 2917 Of.
950 2854 1034 2923 303,
1064 2853 1159 2916 1227.
1195 2852 1280 2915 Idem

193 2961 365 3047 sciscitatur
388 2964 509 3046 Aegeus
533 2962 565 3025 in
590 2962 698 3026 Medea
724 2985 765 3027 vs.
791 2966 854 3026 608
878 2985 922 3047 sq.
998 3005 1001 3010 Α

239 3079 290 3140 68.
314 3079 377 3142 κού
400 3076 578 3151 λίλκίεν,
604 3079 648 3148 ὡς
672 3077 793 3159 δοκεῖ,
816 3078 835 3142 i.
852 3100 877 3143 e.
901 3098 972 3141 neo
999 3079 1076 3162 (me)
1099 3077 1280 3153 fefellit,

194 3189 214 3255 i.
239 3213 263 3254 e.
295 3211 351 3253 nec
375 3189 460 3254 clam
492 3211 540 3253 me
570 3189 601 3253 id
633 3190 723 3267 tacit,
756 3198 791 3255 ut
824 3189 882 3254 sibi
907 3191 1033 3254 videtur.
1073 3191 1214 3255 Absurde
1237 3198 1283 3253 est
1358 3237 1360 3243 .

193 3302 318 3387 vulgata
343 3302 570 3387 interpretatio:
605 3325 677 3366 nec
700 3311 761 3367 est
785 3304 946 3368 oblitus
970 3304 1061 3381 tilii,
1088 3314 1130 3368 ut
1154 3304 1284 3368 existi-

193 3426 324 3483 matur.
360 3418 398 3481 Id
421 3440 493 3482 vero
517 3424 562 3481 est
585 3419 790 3492 λέλασται.

241 3534 291 3597 73.
322 3533 371 3597 τίι
405 3532 628 3612 πρόσφορα,
664 3532 771 3618 quod
807 3555 966 3616 aequum
1000 3544 1069 3598 est.
1100 3533 1146 3598 ef.
1175 3533 1282 3597 Helen.

195 3647 279 3723 ιον,
306 3649 390 3726 soa,
418 3648 514 3710 1299.
1056 3670 1060 3675 ·

225 3760 283 3826 ‚74
316 3781 359 3844 sq.
399 3758 514 3823 Versus
549 3759 664 3821 otiosos
695 3757 733 3821 ob
768 3761 808 3822 80
838 3781 881 3842 sq.
917 3771 947 3822 et
984 3758 1061 3822 male
1097 3759 1283 3842 compositos

195 3872 298 3936 notavi
329 3873 505 3956 γενοίοροοι,
531 3871 588 3948 IV,
614 3878 644 3948 2,
669 3894 736 3956 pag.
762 3874 823 3937 177
842 3893 887 3954 sq.

243 3989 293 4053 76.
324 3987 505 4067 δαφνώδη
545 3987 689 4064 γύαλα.
738 3985 892 4049 Fairscnn
928 3985 964 4048 ad
1001 3985 1185 4068 Thesmoph.
1222 3988 1282 4048 110

195 4098 323 4179 ,,Γύαλα
354 4102 506 4165 constanti
541 4100 673 4184 quodam
706 4108 863 4186 poetarum
899 4122 955 4162 usu
989 4100 1025 4162 dc
1056 4099 1148 4182 adyto
1177 4097 1282 4181 templi

197 4213 338 4297 Delphici
370 4220 538 4298 ponuntur,
576 4212 660 4277 verbi
693 4236 783 4277 causa
815 4214 897 4298 apud
921 4212 993 4278 Eur.
1020 4212 1085 4276 Ion.
1103 4215 1171 4287 76,
1199 4214 1281 4286 220,

198 4327 280 4400 233,
306 4328 388 4400 205,
414 4323 528 4388 Phoen.
554 4327 637 4399 244,
668 4324 815 4389 Androm.
843 4327 945 4400 1093,
971 4322 1024 4387 ubi
1048 4321 1153 4399 γύαλα
1177 4320 1283 4398 Φοίβου
