3112 4914
615 369 869 414 oounnnrnnrns.
1242 351 1283 414 71

200 568 343 632 Mercurii
376 576 519 643 matrem,
551 565 674 630 Maiam.
717 565 865 629 Androm.
900 567 963 630 276
997 566 1080 628 Deua
1113 573 1239 627 vocatur
1271 565 1284 626 ό

200 684 301 753 Μαίας
325 706 358 746 τε
381 680 431 744 καὶ
456 679 524 750 Διὸς
547 679 639 760 τόκος.

243 800 273 858 4.
298 791 471 869 δαιμόνων
491 791 629 869 λότρνν.
656 788 702 854 Of.
721 789 876 854 Prometh.
895 793 959 853 966
974 813 1040 875 sqq.
1061 790 1207 854 Similiter
1224 790 1282 852 Iris

197 906 228 968 in
253 905 293 968 H.
318 905 351 970 F.
376 907 439 967 823
459 927 490 967 66
507 911 595 967 vocat
611 905 663 978 τὴν
679 904 747 968 θεῶν
762 904 874 983 λοέσρνν.
900 902 1058 968 Vocabulo
1075 927 1164 986 saepe
1180 912 1283 968 noster

197 1019 228 1082 in
253 1027 384 1103 utroque
407 1039 516 1102 genere
541 1039 614 1080 usus
640 1027 693 1082 est.

243 1133 324 1216 bsq.
348 1129 519 1212 ὀμφαλόν
543 1167 588 1178 -
609 1129 776 1209 καόόζαν.
807 1129 1001 1213 Tragicorum
1028 1130 1111 1193 locos
1132 1128 1282 1213 Delphos,

197 1252 292 1307 terrae
316 1243 514 1319 umbilicum,
538 1250 709 1327 spectantes
734 1242 845 1326 collegi
868 1242 906 1305 ad
923 1241 998 1306 Oed.
1021 1242 1095 1326 Reg.
1112 1241 1282 1307 18911166

196 1355 275 1418 intra
294 1354 332 1418 ad
353 1357 427 1419 223.
447 1355 473 1417 u
492 1353 611 1418 Latinis
632 1353 709 1417 adde
729 1355 838 1418 incerti
861 1362 966 1438 poetae
985 1355 1074 1418 verba
1087 1355 1168 1438 apud
1186 1353 1282 1418 Cicer.

197 1468 234 1532 de
265 1468 325 1534 div.
357 1466 400 1534 ΙΙ.
429 1471 488 1545 56,
524 1472 604 1533 115:
638 1470 746 1533 Sancte
777 1469 902 1560 Apollo,
934 1475 987 1552 qui
1015 1458 1186 1534 umbilicum
1217 1492 1281 1534 ccr-

196 1590 257 1647 tum
287 1591 439 1648 terrarum
472 1587 601 1661 obtines,
638 1589 701 1649 cett.
736 1620 779 1631 —
811 1580 912 1646 Verba
946 1583 1102 1646 sedendi
1136 1605 1154 1646 a
1184 1583 1282 1667 poetis

196 1718 265 1760 cum
297 1697 479 1760 Accusativo
515 1697 659 1780 coniungi
694 1696 813 1770 solent,
850 1705 885 1760 ut
920 1698 952 1760 in
987 1697 1043 1760 hac
1077 1697 1143 1779 ipsa
1178 1694 1282 1759 fabula

197 1833 239 1874 vs.
264 1813 304 1879 91
331 1817 361 1873 61
385 1813 459 1873 366.
483 1810 646 1886 Similiter,
672 1810 729 1873 etsi
752 1811 868 1886 rarius,
893 1809 1026 1873 standi
1050 1809 1176 1874 verbum
1201 1800 1283 1873 velut

81 1967 83 1970 -
196 1922 296 1987 Orest.
324 1926 407 1987 1251
429 1922 510 1998 στῆθ’
526 1961 571 1971 -
585 1923 694 2003 τρίβον,
714 1922 822 2007 Suppl.
845 1925 906 1987 987
922 1923 952 1987 τό
963 1922 1030 1987 ποτ’
1043 1923 1167 2001 αἰθερίαν
1179 1920 1282 1995 ἕστηκε

74 2116 75 2119 ¹
195 2036 324 2116 πέσραν;

242 2152 269 2212 6.
294 2150 455 2229 ὑμνῳδεῖ.
481 2147 527 2212 cf.
553 2151 631 2213 iufra
656 2153 697 2212 98
717 2171 762 2232 sq.
787 2158 817 2212 et
835 2152 909 2213 681.
935 2147 1089 2212 Laudavit
1107 2149 1161 2212 hos
1179 2170 1282 2212 versus

196 2265 378 2328 Eustathins
403 2265 439 2328 ad
465 2264 591 2348 Dionys.
619 2266 719 2340 1181,
746 2271 780 2326 ut
804 2262 946 2328 ostendat
970 2263 1107 2340 ὑμνῳδεῖν
1126 2261 1280 2326 interdum

195 2378 270 2462 poni
292 2379 357 2443 οόντὶ
383 2384 433 2442 τοῦ
458 2378 607 2458 ἐμμέτρως
633 2377 720 2460 ᾅδειν.

242 2497 270 2558 7.
295 2491 341 2556 τό
363 2490 390 2556 τ’
409 2491 497 2555 όντα
515 2491 574 2555 καὶ
595 2491 790 2568 μέλλοντα.
815 2482 865 2552 'Sic
885 2490 991 2555 Helen.
1013 2492 1051 2552 lt
1067 2489 1105 2553 66
1122 2489 1281 2555 Theonoe:

194 2609 235 2672 τόν
257 2610 285 2671 τ’
308 2606 377 2670 όντα
400 2605 449 2669 καὶ
474 2605 625 2681 μέλλοντα
641 2602 730 2669 σαντ’
747 2604 901 2679 ἠπίστασο.
928 2602 1065 2687 Uterque
1082 2604 1167 2667 locus
1184 2603 1280 2666 factus

194 2719 232 2783 ad
264 2717 495 2782 similitudinem
525 2717 680 2781 Homerici
711 2716 795 2779 illius
830 2714 866 2778 de
895 2714 1078 2779 Calchante:
1104 2713 1133 2786 ὃς
1159 2715 1217 2796 ᾔδει
1240 2714 1281 2780 τό

194 2830 223 2895 r’
246 2830 330 2895 ἐόντα
353 2831 393 2894 τό
415 2834 442 2894 τ’
466 2829 611 2907 ἐσσόμενα
634 2828 689 2908 πρό
710 2827 738 2890 τ’
762 2824 854 2891 ἐόντα.

240 2946 268 3006 9.
292 2941 552 3021 χρυσολόγχου
576 2939 744 3010 Παλλοόδος.
765 2938 1081 3010 111161.Τ116661.317
1100 2938 1169 3017 κόρα
1184 2953 1280 3013 γλαυ-

193 3061 267 3119 κῶσν
291 3056 491 3135 χρυσόλογχε.
517 3052 652 3118 Eandem
677 3061 780 3116 noster
804 3052 917 3116 Phoen.
944 3051 1028 3116 1381
1048 3050 1182 3135 appellat
1198 3075 1281 3131 χρυ-

113 3174 116 3179 ’
194 3164 377 3239 ceresta,
415 3165 584 3248 Aeschylus
619 3163 700 3248 Sept.
738 3167 801 3228 196
843 3165 973 3228 Martem
1009 3165 1276 3247 χρυσοπήληκα,

194 3279 359 3365 Sophocles
377 3278 413 3342 0.
429 3278 464 3342 R.
482 3281 545 3341 299
563 3279 718 3342 Bacchum
735 3302 848 3358 χρυσο
858 3280 964 3359 μίτραν
977 3261 1056 3343 etO.
1069 3277 1103 3342 O.
1119 3281 1181 3341 693
1195 3302 1279 3360 χρυ·

194 3395 287 3458 σόνιον
312 3392 480 3468 Venerem,
506 3391 648 3475 idemque
672 3393 754 3456 Aiac.
773 3395 835 3457 817
858 3392 922 3455 Soli
944 3390 1053 3455 tribuit
1075 3390 1279 3471 χρυσόνοτον

194 3510 292 3584 ν’ρνόαν,
329 3516 364 3570 ut
396 3515 510 3570 taceam
537 3506 689 3590 Apollinis
713 3528 835 3570 auream
859 3506 1020 3570 caesariem
1046 3507 1276 3593 (χρυσοκόμας),

188 3621 330 3704 Ι61666616
363 3643 488 3684 aureum
520 3642 624 3684 arcum
656 3629 686 3684 et
709 3621 857 3706 reliquam
886 3621 952 3683 auri
975 3621 1052 3699 vim,
1080 3642 1172 3703 qnam
1196 3622 1279 3706 larga

194 3756 286 3798 mann
303 3735 441 3797 omnium
457 3743 629 3818 temporum
646 3739 753 3818 poetae
770 3734 953 3818 profundere
970 3733 1110 3798 solebant
1125 3745 1155 3798 et
1167 3736 1276 3800 solent.

243 3850 290 3912 10.
322 3846 433 3926 ἔζευξεν
465 3847 573 3924 γάμοις
604 3847 659 3929 βίον
691 3846 859 3911 verecunde
890 3846 1008 3910 dictum
1032 3869 1086 3930 pro
1110 3847 1276 3938 ἐβνόσκτο,

194 3964 263 4029 vim
299 3964 446 4028 intulit.
481 3961 562 4026 Nam
597 3961 697 4042 ζεῦξαν
732 3960 939 4038 senonens
965 3968 1012 4024 est
1035 3961 1274 4024 matrimonio

196 4079 365 4161 iungere,
392 4098 544 4139 uxorem
569 4074 715 4140 ducere.
740 4074 787 4139 Of.
811 4075 927 4138 Phoen.
947 4075 1274 4155 reuomentem,

195 4189 263 4272 lph.
296 4193 332 4253 A.
366 4191 438 4254 698.
470 4187 555 4251 Alibi
578 4189 692 4253 rectius
717 4187 775 4251 hoc
799 4209 890 4250 sensu
915 4188 1040 4270 ponitur
1064 4185 1188 4251 verbum
1213 4212 1277 4252 me·

193 4300 296 4378 dium,
330 4306 364 4363 ut
395 4301 474 4364 infra
506 4304 589 4378 991,
620 4301 688 4365 Alc.
713 4303 793 4380 994,
818 4299 925 4366 Troad.
951 4302 1024 4364 671.
1048 4299 1206 4363 Passivum
1231 4312 1277 4364 est
