3112 4914
622 397 877 444 oonururauros.
1222 377 1286 440 207

204 602 353 666 vocabulo
376 600 468 665 modo
492 623 566 664 usus
591 608 656 678 est,
673 608 763 684 poeta
779 598 949 683 scripsisset
964 595 1101 678 μὲλλυ,
1119 595 1200 679 quod
1218 617 1288 658 cum

203 715 257 778 illo
285 714 373 779 facile
396 715 604 779 confunditur.
645 713 692 778 uf.
715 713 808 798 Soph.
831 712 910 777 Phil.
938 715 1020 776 1449
1046 712 1088 789 μή
1113 736 1160 775 νυν
1182 710 1288 789 χρόνιον

203 829 353 906 μέλλετε,
389 827 428 892 Ο.
466 827 500 892 O.
539 831 601 892 219
637 829 739 907 μακροὶ
772 827 933 903 μίλλετον,
969 825 1054 890 ἀλλὰ
1087 823 1211 903 τοίχυνε.
1245 861 1288 871 -

203 940 389 1006 ἔστασαν.
429 940 538 1004 Forma
570 948 615 1003 est
640 947 737 1003 aetate
763 939 920 1023 Euripidis
944 938 1093 1002 recentior
1118 958 1174 1020 pro
1198 937 1289 1000 ἔστυν

202 1053 250 1117 vel
281 1051 375 1118 ὄντων.
410 1051 546 1116 Dindorf
570 1052 608 1115 dc
636 1052 812 1116 coniectura
843 1074 899 1115 sua
926 1049 1023 1113 edidit
1045 1049 1151 1120 δαῖτας
1174 1048 1285 1124 εἱστία,

204 1168 242 1231 de
274 1190 334 1251 qua
365 1177 467 1231 tamen
499 1164 627 1242 dubito,
660 1167 733 1250 quia
765 1172 939 1229 constanter
978 1164 1008 1227 in
1045 1164 1102 1226 hoc
1139 1161 1288 1225 vocabulo

203 1288 293 1365 poeta
324 1302 413 1344 usum
446 1279 566 1343 numeri
596 1279 759 1363 singularis
792 1287 822 1341 et
846 1277 971 1362 pluralis
995 1276 1145 1339 distinxit.
1180 1274 1288 1338 Malim

203 1394 298 1478 igitur
321 1394 410 1458 δαῖτα
434 1395 477 1457 σὺ
497 1397 669 1456 σπεῦσον
688 1391 737 1455 vel
757 1391 848 1455 δαῖτα
870 1392 1074 1467 τίρσυνον,
1102 1397 1155 1453 aut
1171 1386 1287 1470 aliquid

203 1507 369 1584 eiusmodi;
392 1527 463 1569 nam
487 1505 570 1588 quod
595 1514 711 1568 certum
736 1504 860 1566 sitnon
886 1503 1011 1586 reperio.

251 1622 345 1682 1132.
377 1625 543 1695 σεμνῶς,
576 1619 676 1693 rite,
708 1615 928 1699 religiose,
961 1614 1011 1677 sed
1036 1613 1164 1677 fortasse
1188 1614 1288 1677 verius

203 1739 249 1795 est
270 1737 390 1808 σεμνῶν.
423 1729 469 1796 Of.
496 1734 570 1806 806,
599 1733 672 1794 882.
704 1727 798 1807 Quod
821 1727 960 1811 sequitur
982 1727 1172 1805 ἀτοίχους
1195 1728 1289 1790 miror

202 1845 318 1909 nemini
340 1844 447 1907 fecisse
472 1844 640 1927 negotium.
676 1841 764 1905 Nihil
789 1849 889 1918 tamen
914 1841 1027 1904 certius
1052 1840 1173 1902 videtur
1195 1861 1288 1922 quam

204 1958 384 2022 vocabulum
410 1956 590 2020 mendosum
614 1977 689 2019 esse.
725 1953 805 2017 Nam
830 1976 900 2018 mox
926 1956 1011 2018 1158
1031 1953 1160 2038 parietes
1176 1953 1288 2032 ατοίχῳ
1344 1970 1346 1975 ·

203 2070 276 2135 huic
299 2069 494 2134 tabernaculo
518 2069 709 2133 tribuuntur.
755 2068 792 2132 In
817 2076 950 2132 mentem
974 2067 1056 2131 venit
1079 2065 1286 2146 ααόμψους,

202 2186 222 2250 i.
246 2208 273 2248 e.
306 2183 537 2268 simplices,
563 2183 635 2268 quia
658 2182 768 2245 deinde
791 2179 1022 2244 tabernaculum
1047 2187 1172 2243 exornat
1195 2180 1287 2244 sacris

203 2281 316 2361 aulaeis
349 2319 364 2359 e
396 2295 502 2379 templi
532 2295 692 2359 thesauris.
733 2296 782 2357 An
814 2293 993 2372 οὶτίρνονς
1010 2294 1068 2376 ·(--
1092 2293 1286 2372 οξτορνεύτοος,

202 2409 391 2485 rudibus,
424 2430 499 2472 non
530 2408 664 2473 fabrili
696 2415 773 2472 arte
801 2408 939 2471 exactis
963 2406 1005 2469 ad
1028 2407 1176 2471 formam
1200 2416 1288 2472 tere-

203 2524 297 2607 tem),
322 2521 513 2605 iungendum
537 2543 607 2586 cum
630 2522 832 2601 ὀρθοστοίτανς,
855 2543 931 2604 quas
954 2521 1031 2585 bene
1055 2520 1219 2604 Musgrave
1240 2523 1288 2585 in-

203 2636 322 2700 tellexit
345 2634 571 2712 columnas,
597 2635 734 2699 trabes
756 2642 913 2711 erectos,
931 2634 1175 2698 animadvertens
1191 2637 1288 2700 Athe-

203 2770 313 2813 naeum
330 2747 367 2825 V,
387 2752 405 2810 6
426 2748 458 2811 in
476 2749 566 2810 simili
584 2771 616 2811 re
632 2747 830 2812 describenda
846 2770 952 2811 vocare
969 2770 1017 2811 eas
1037 2749 1132 2819 κίονας
1152 2747 1286 2824 ξυλίνας,

204 2871 234 2925 et
257 2860 385 2924 laudans
411 2859 530 2924 Vitruv.
554 2859 580 2936 Ι,
607 2862 636 2936 7,
661 2859 705 2938 ΙΙ,
732 2859 775 2923 8?
798 2861 922 2932 Λαίνους
946 2859 1120 2940 ὀρθοστάτας
1140 2860 1287 2925 habemus

203 2971 293 3036 Herc.
317 2971 388 3035 Fur.
413 2973 484 3033 980.
923 2972 927 2984 '

143 3170 148 3181 .
251 3087 335 3147 1134
360 3104 424 3168 sqq.
464 3082 645 3147 Obseruauit
676 3083 712 3147 lo
740 3085 772 3148 id
801 3087 884 3169 quod
913 3087 945 3150 in
970 3079 1098 3151 theatris
1120 3087 1287 3151 condendis

203 3184 425 3250 observandum
449 3182 556 3247 scribit
579 3183 749 3250 Vitruvius.
775 3185 852 3250 Vide
872 3209 949 3270 quae
965 3188 1072 3252 attulit
1092 3189 1286 3253 Gencllius

202 3299 235 3361 in
258 3296 336 3361 libro
361 3299 404 3361 de
428 3297 587 3360 theatris
612 3298 917 3377 Atheniensium,
942 3322 971 3384 p.
996 3304 1047 3365 32.
1078 3301 1248 3365 Heumann.

252 3413 335 3474 1134
352 3432 415 3494 sqq.
447 3409 554 3473 Nubes
583 3409 620 3472 ad
648 3409 678 3475 h.
702 3410 722 3477 1.
750 3411 857 3475 misere
881 3411 1078 3496 depravatum
1103 3423 1149 3478 est
1172 3415 1287 3479 coniec-

203 3531 352 3598 turarum,
370 3544 500 3605 quarum
517 3544 579 3585 non
596 3522 655 3585 nisi
671 3523 850 3608 praecipuas
868 3523 1112 3589 memorabimus.
1133 3525 1185 3590 Vs.
1202 3530 1285 3591 1136

203 3636 317 3707 οὶκτῖνος
342 3636 541 3718 producitur
566 3635 687 3718 scripsit
710 3634 855 3719 Scaliger.
882 3637 1016 3700 Dindorf
1039 3660 1074 3701 en
1098 3639 1287 3703 suaconieo·

203 3756 272 3812 tura
305 3747 419 3811 edidit:
456 3747 523 3812 οὔτε
557 3748 626 3828 πρὸς
660 3747 754 3825 μέσας
789 3751 873 3814 θεοῦ
908 3753 1031 3822 οίκτῖνας
1061 3752 1122 3815 οὔτ’
1151 3749 1189 3817 αὖ
1219 3753 1287 3833 πρὸς

203 3861 387 3932 τελευτώσας
410 3861 514 3938 βολάς.
550 3859 660 3925 Nauck
685 3870 747 3925 tam
770 3862 866 3938 βολὰς
891 3884 981 3946 quam
1005 3864 1068 3940 βίον
1092 3865 1187 3948 sepsit
1203 3866 1286 3930 unci·

205 3976 269 4053 nis,
293 3976 330 4040 A.
353 3974 493 4038 Schmidt
515 3974 612 4057 (Mus.
638 3973 736 4038 Rhen.
762 3977 848 4039 1872
873 3998 901 4059 p.
928 3977 1007 4060 174)
1031 3979 1191 4061 proposuit
1206 3980 1286 4054 ἡλίου

204 4086 329 4165 βολοίς
355 4124 400 4135 -
422 4087 528 4163 μέσους
551 4087 680 4167 Φλονί
688 4113 702 4159 ς
728 4088 784 4170 (ita
804 4088 905 4170 codd.)
920 4091 1060 4165 οἰκτίνοις,
1078 4091 1203 4175 Madvig
1218 4093 1287 4172 πρὸς

204 4199 386 4270 τελευτώσας
408 4199 508 4263 λίαν.
544 4198 679 4263 Tandem
703 4200 792 4264 Koclr
825 4203 967 4268 Veserim.
991 4225 1058 4287 pag.
1075 4206 1139 4266 aut
1155 4204 1187 4267 id
1203 4206 1285 4287 quod

206 4314 294 4399 posui
328 4312 465 4396 margine
500 4312 649 4390 coniecit,
685 4313 776 4377 simul
808 4315 982 4398 suspicatus
1014 4316 1097 4399 quod
1128 4318 1287 4402 occupavit
