3112 4914
653 392 906 438 connuurnams.
1259 374 1322 439 231

234 597 366 672 utraque
389 586 473 652 verbi
495 586 616 664 μέλλειν
641 585 864 670 significatione
888 593 979 671 poeta
1001 585 1083 651 ludit
1107 586 1212 671 fragm.
1237 590 1321 650 459:

234 704 258 767 εἶ
277 701 337 782 γάρ
360 699 387 765 ν’
409 701 597 777 ἔμελλεν,
621 687 657 771 ὠς
681 698 717 765 σά
737 707 814 780 (pac,
839 699 957 764 κτείνειν
979 700 1077 776 πόσις,
1099 699 1104 787 Ι
1123 708 1197 780 χρῆν
1220 701 1269 764 acal
1289 709 1327 770 σὶ

233 818 412 896 μέλλειν,
436 818 473 889 ὥς
496 814 595 897 χρόνος
619 815 791 896 νιοιρήλνόεν.
817 813 865 879 Of.
888 817 925 879 A.
943 814 1021 880 Gell.
1038 813 1077 880 N.
1095 816 1131 879 A.
1149 814 1203 882 VI.
1220 817 1250 893 3,
1271 820 1323 893 29,

234 933 287 1017 qui
320 932 393 1003 hacc
426 931 517 996 verba
550 925 645 994 affert.
687 929 797 993 Fateor
827 937 928 993 tamen
954 929 1056 1013 paullo
1080 928 1233 992 duriorem
1259 951 1324 992 esse

234 1046 263 1111 h.
288 1046 307 1111 l.
339 1045 639 1131 interpretationem,
666 1052 826 1128 propterea
849 1043 932 1127 quod
957 1065 1045 1107 nemo
1069 1064 1129 1107 non
1154 1043 1250 1106 lector
1273 1043 1324 1108 hic

235 1171 304 1246 post
337 1160 455 1240 μέλλων
485 1144 593 1244 'primo
637 1156 750 1222 obtutu
792 1157 991 1241 suppleturus
1034 1157 1074 1219 sit
1108 1156 1191 1220 άιιιῖν
1226 1157 1324 1235 τάμά.

235 1272 387 1353 Quocirca
410 1272 475 1336 ficri
499 1279 617 1356 potest,
644 1277 679 1333 ut
702 1270 806 1353 potius
828 1277 881 1334 aut
900 1266 975 1347 τάμ’
992 1270 1070 1350 ἔχων
1089 1278 1142 1333 aut
1161 1275 1217 1334 τῶν
1232 1271 1322 1348 ἐμῶν,

138 1446 141 1455 .
233 1409 312 1470 quae
336 1408 392 1471 ego
416 1394 447 1450 et
472 1385 617 1469 Hartung
639 1384 843 1460 conieeimus,
867 1385 908 1447 sit
930 1385 1064 1468 genuina
1089 1385 1249 1468 scriptura.

279 1503 373 1564 1303.
408 1498 651 1581 άνοιονιάσει,
688 1521 749 1563 non
782 1497 975 1583 diripias,
1018 1507 1051 1562 ut
1091 1507 1231 1576 vertunt,
1268 1498 1322 1563 sed

233 1609 539 1695 pessumdabis,
564 1611 706 1674 funditus
729 1609 828 1675 tolles.
865 1609 912 1674 Ol.
937 1615 1035 1687 1293,
1059 1610 1174 1676 Phoen.
1202 1613 1297 1676 1079.

280 1728 376 1791 1997.
401 1734 468 1800 τῆς
491 1725 721 1802 Ποιλλάδος,
751 1747 792 1789 sc·
816 1734 890 1803 γῆς,
915 1725 1115 1809 repetendum
1141 1749 1156 1789 e
1181 1748 1221 1790 vs.
1239 1748 1322 1810 prae·

232 1840 370 1917 cedenti,
403 1850 438 1903 ut
468 1846 592 1924 apparet
619 1862 658 1903 ex
681 1840 773 1913 οιύτάν
798 1862 839 1903 vs.
864 1861 926 1923 seq.
934 1887 943 1917 ,
969 1839 1050 1923 quod
1076 1840 1178 1924 potius
1202 1839 1241 1903 ad
1264 1849 1321 1917 γῆν

230 1953 423 2018 referendum
448 1975 540 2037 quam
565 1952 795 2024 ιιι111οιλλάδος.

278 2071 372 2132 1298.
403 2069 441 2133 οὐ
464 2067 611 2144 λόγοις.
646 2066 760 2132 Sensus
784 2075 847 2131 est:
873 2068 1004 2131 servavit
1028 2090 1092 2132 eam
1117 2068 1224 2145 armis,
1251 2069 1269 2132 i.
1295 2091 1320 2133 e.

234 2204 265 2245 re
297 2189 328 2244 et
359 2182 456 2259 facto,
488 2203 550 2245 non
578 2181 798 2245 iactationibus
822 2190 852 2244 et
876 2181 1140 2265 promissionibus.
1175 2181 1319 2247 Semnan.

232 2295 322 2358 Nihil
346 2295 488 2371 adrem,
513 2317 574 2379 qno
598 2308 687 2379 pacto
708 2295 888 2372 servaverit,
905 2295 996 2357 modo
1013 2295 1184 2360 servaverit.
1208 2294 1319 2359 Potius

232 2408 323 2475 credo
354 2407 413 2471 hoc
443 2408 542 2472 dicere
573 2409 697 2472 Ionem:
731 2408 854 2472 armis
883 2409 1001 2492 (itaque
1025 2409 1165 2489 factis)
1190 2411 1320 2474 servavit

231 2531 317 2607 pater
340 2544 426 2585 meus
450 2522 600 2598 Atticam,
625 2543 702 2585 non
726 2518 881 2596 verbis,
907 2521 1010 2604 itaque
1033 2543 1096 2584 non
1121 2520 1218 2586 verbis
1244 2523 1275 2603 (i.
1294 2545 1319 2589 c.

230 2636 350 2720 gratiis·
368 2635 509 2721 agendis)
543 2633 785 2699 remunerandus
815 2633 893 2708 fuit,
927 2632 980 2697 sed
1007 2656 1056 2710 re,
1081 2634 1100 2698 i.
1125 2656 1150 2697 e.
1176 2657 1318 2718 agrorum

127 2823 130 2826 p
229 2749 419 2834 possessione
453 2757 484 2812 et
514 2771 620 2832 regno.
665 2748 742 2812 Loci
772 2746 889 2811 laudati
920 2745 959 2811 ab
992 2747 1185 2826 Hermanno,
1209 2747 1317 2833 Suppl.

232 2863 295 2926 749
329 2863 396 2946 (qui
425 2884 468 2926 vs.
505 2861 688 2946 depravatus
719 2883 780 2925 non
813 2868 939 2925 sanatur
971 2859 1119 2946 Madvigii
1142 2863 1318 2928 coniectura

204 2972 433 3058 ’τοιςάγμοιτοά
468 2985 497 3039 et
528 2975 597 3060 Iph.
628 2975 662 3040 Τ.
696 2978 776 3054 794,
808 2975 853 3039 nil
885 2974 1046 3038 conferunt
1078 2975 1116 3038 ad
1142 2976 1234 3041 huius
1256 2977 1318 3042 loci

229 3088 490 3174 intellegentiam,
526 3112 594 3155 nec.
614 3091 676 3153 viro
710 3090 869 3174 ingenioso
900 3088 1108 3176 credendum,
1136 3091 1315 3176 Euripidem

229 3203 280 3266 hic
310 3201 456 3266 Cleonem
488 3210 607 3297 notare·
624 3203 765 3267 voluisse.
810 3202 876 3287 Ipsi
905 3212 1007 3267 tamen
1037 3226 1099 3267 non
1123 3205 1264 3289 displicet
1288 3207 1317 3270 ἐν

229 3317 341 3398 πόνοις,
366 3314 474 3379 Iacobs
499 3316 629 3380 coniecit
651 3320 688 3388 άς
713 3316 841 3394 λέγους’,
868 3317 1013 3401 Hartung
1028 3317 1212 3399 συμμάχοις.
1237 3320 1317 3384 Mihi
1420 3362 1423 3369 -

230 3431 264 3493 in
296 3437 427 3493 mentem
461 3430 545 3493 venit
575 3430 625 3495 κοά
653 3431 765 3511 λόχοις.
808 3430 868 3495 3οο
891 3430 992 3494 locum
1017 3454 1124 3495 sanum
1149 3455 1213 3496 esse
1236 3456 1318 3500 nunc

230 3541 330 3606 credo.
361 3578 406 3591 -
437 3542 579 3608 Ceterum
612 3545 799 3628 experientia
829 3545 938 3609 doctus
970 3554 1016 3608 est
1047 3544 1190 3622 Xuthus,
1224 3568 1315 3630 quam

232 3679 300 3720 vera
323 3656 364 3720 sit
387 3657 540 3720 sententia
562 3679 703 3741 expressa
726 3680 744 3720 a
768 3666 859 3742 poeta
881 3659 914 3722 fr.
941 3662 1014 3735 504,
1030 3659 1118 3722 cuius
1136 3659 1314 3742 particulam

229 3770 309 3834 hauc
329 3768 485 3837 adscribo:
507 3778 633 3844 πλοῦτος
655 3772 679 3835 δ’
691 3773 818 3844 ἐποικτός
830 3774 863 3837 ἐκ
874 3775 1043 3851 γυναικείων
1054 3775 1161 3852 γάμων
1172 3775 1315 3850 άνόνντος.

277 3888 373 3949 1304.
405 3883 530 3972 άλλά,
562 3886 717 3950 saltem.
754 3886 800 3951 Gf.
832 3909 923 3972 supra
947 3887 985 3951 ad
1017 3891 1092 3953 426.
1113 3925 1158 3939 -
1181 3913 1316 3971 πάτρι-

229 4005 312 4072 κῆς,
337 4017 378 4060 sc.
400 3993 509 4069 οὔσόνις.
631 4059 633 4064 .

277 4112 372 4174 1305.
402 4103 520 4180 άσνιὶς
551 4109 673 4189 ἔγχος
695 4105 728 4173 θ’.
766 4108 835 4194 Iph.
867 4109 904 4174 A.
930 4111 993 4172 772
1026 4110 1173 4191 δοριπόνοις
1203 4112 1316 4176 άσνιόσι.

230 4226 276 4291 Of.
300 4223 393 4307 Soph.
416 4222 451 4288 fr.
476 4223 604 4301 37111,
627 4226 680 4288 Ar.
700 4225 770 4288 Pac.
796 4225 870 4301 353,
888 4223 979 4309 Vesp.
1001 4226 1086 4289 1076
1106 4224 1158 4288 σὺν
1178 4224 1247 4304 δόρει
1263 4225 1316 4290 σὺν

229 4339 341 4406 άνπόδι.
366 4337 392 4400 E
415 4338 591 4423 corruptela
612 4336 705 4418 ἔγχος
729 4347 835 4404 natum
861 4361 925 4402 esse
950 4348 1026 4422 puto
1049 4336 1123 4404 Eur.
1139 4337 1245 4424 Suppl.
1263 4342 1317 4420 22,
