<?xml version="1.0" encoding="UTF-8"?>
<!DOCTYPE html PUBLIC "-//W3C//DTD XHTML 1.0 Transitional//EN"
    "http://www.w3.org/TR/xhtml1/DTD/xhtml1-transitional.dtd">
<html xmlns="http://www.w3.org/1999/xhtml" xml:lang="en" lang="en">
 <head>
  <title>
</title>
<meta http-equiv="Content-Type" content="text/html;charset=utf-8" />
  <meta name='ocr-system' content='tesseract 3.04.00' />
  <meta name='ocr-capabilities' content='ocr_page ocr_carea ocr_par ocr_line ocrx_word'/>
</head>
<body>
  <div class='ocr_page' id='page_1' title='image "./in00herwgoog_0188.png"; bbox 0 0 3112 4914; ppageno 0'>
   <div class='ocr_carea' id='block_1_1' title="bbox 620 363 1286 426">
    <p class='ocr_par' dir='ltr' id='par_1_1' title="bbox 620 363 1286 426">
     <span class='ocr_line' id='line_1_1' title="bbox 620 363 1286 426; baseline 0.005 -4"><span class='ocrx_word' id='word_1_1' title='bbox 620 379 872 424; x_wconf 70' lang='lat' dir='ltr'>COMMENTARIUS.</span> <span class='ocrx_word' id='word_1_2' title='bbox 1226 363 1286 426; x_wconf 81' lang='grc'>167</span> 
     </span>
    </p>
   </div>
   <div class='ocr_carea' id='block_1_2' title="bbox 114 573 1296 3146">
    <p class='ocr_par' dir='ltr' id='par_1_2' title="bbox 203 573 1286 771">
     <span class='ocr_line' id='line_1_2' title="bbox 203 573 1286 657; baseline 0.001 -22"><span class='ocrx_word' id='word_1_3' title='bbox 203 573 411 656; x_wconf 86' lang='lat' dir='ltr'>reponendum</span> <span class='ocrx_word' id='word_1_4' title='bbox 446 596 501 657; x_wconf 90' lang='lat' dir='ltr'>pro</span> <span class='ocrx_word' id='word_1_5' title='bbox 533 574 696 651; x_wconf 78' lang='grc' dir='ltr'>πενθίμους.</span> <span class='ocrx_word' id='word_1_6' title='bbox 742 573 927 636; x_wconf 78' lang='lat' dir='ltr'>Alterutrum</span> <span class='ocrx_word' id='word_1_7' title='bbox 957 573 1037 636; x_wconf 85' lang='lat' dir='ltr'>enim</span> <span class='ocrx_word' id='word_1_8' title='bbox 1069 574 1286 637; x_wconf 76' lang='lat' dir='ltr'>correctionem</span> 
     </span>
     <span class='ocr_line' id='line_1_3' title="bbox 204 686 1157 771; baseline 0.002 -23"><span class='ocrx_word' id='word_1_9' title='bbox 204 694 332 749; x_wconf 89' lang='lat' dir='ltr'>metrum</span> <span class='ocrx_word' id='word_1_10' title='bbox 356 687 499 770; x_wconf 83' lang='lat' dir='ltr'>postulat.</span> <span class='ocrx_word' id='word_1_11' title='bbox 535 686 705 771; x_wconf 76' lang='lat' dir='ltr'><strong>Utramque</strong></span> <span class='ocrx_word' id='word_1_12' title='bbox 728 687 822 769; x_wconf 85' lang='lat' dir='ltr'>igitur</span> <span class='ocrx_word' id='word_1_13' title='bbox 845 687 934 770; x_wconf 88' lang='lat' dir='ltr'>posui</span> <span class='ocrx_word' id='word_1_14' title='bbox 958 687 989 748; x_wconf 92' lang='lat' dir='ltr'>in</span> <span class='ocrx_word' id='word_1_15' title='bbox 1015 687 1157 770; x_wconf 81' lang='lat' dir='ltr'><strong>margine.</strong></span> 
     </span>
    </p>

    <p class='ocr_par' dir='ltr' id='par_1_3' title="bbox 114 797 1296 3146">
     <span class='ocr_line' id='line_1_4' title="bbox 250 797 1287 883; baseline 0.004 -23"><span class='ocrx_word' id='word_1_16' title='bbox 250 801 312 860; x_wconf 89' lang='grc'>695</span> <span class='ocrx_word' id='word_1_17' title='bbox 330 821 393 883; x_wconf 85' lang='lat' dir='ltr'><strong>sqq.</strong></span> <span class='ocrx_word' id='word_1_18' title='bbox 420 799 519 862; x_wconf 89' lang='lat' dir='ltr'>Locus</span> <span class='ocrx_word' id='word_1_19' title='bbox 543 801 791 882; x_wconf 77' lang='lat' dir='ltr'>corruptissimus</span> <span class='ocrx_word' id='word_1_20' title='bbox 817 821 871 862; x_wconf 89' lang='lat' dir='ltr'>nec</span> <span class='ocrx_word' id='word_1_21' title='bbox 891 813 974 863; x_wconf 82' lang='lat' dir='ltr'>certa</span> <span class='ocrx_word' id='word_1_22' title='bbox 994 800 1111 863; x_wconf 80' lang='lat' dir='ltr'>ratione</span> <span class='ocrx_word' id='word_1_23' title='bbox 1133 797 1287 864; x_wconf 82' lang='lat' dir='ltr'>sanabilis.</span> 
     </span>
     <span class='ocr_line' id='line_1_5' title="bbox 206 912 1285 997; baseline 0.003 -22"><span class='ocrx_word' id='word_1_24' title='bbox 206 913 395 976; x_wconf 85' lang='lat' dir='ltr'>Heimsocth.</span> <span class='ocrx_word' id='word_1_25' title='bbox 420 913 460 977; x_wconf 91' lang='lat' dir='ltr'>K.</span> <span class='ocrx_word' id='word_1_26' title='bbox 485 913 514 978; x_wconf 87' lang='lat' dir='ltr'>S.</span> <span class='ocrx_word' id='word_1_27' title='bbox 538 935 606 997; x_wconf 83' lang='lat' dir='ltr'>pag.</span> <span class='ocrx_word' id='word_1_28' title='bbox 630 916 692 977; x_wconf 84' lang='lat'>381</span> <span class='ocrx_word' id='word_1_29' title='bbox 718 912 826 976; x_wconf 84' lang='lat' dir='ltr'>tentet.</span> <span class='ocrx_word' id='word_1_30' title='bbox 853 920 889 992; x_wconf 75' lang='grc' dir='ltr'>Φ.</span> <span class='ocrx_word' id='word_1_31' title='bbox 911 937 943 977; x_wconf 82' lang='grc' dir='ltr'>τι.</span> <span class='ocrx_word' id='word_1_32' title='bbox 969 939 990 978; x_wconf 89' lang='grc' dir='ltr'><em>ε.</em></span> <span class='ocrx_word' id='word_1_33' title='bbox 1015 914 1040 978; x_wconf 81' lang='grc' dir='ltr'>δ.</span> <span class='ocrx_word' id='word_1_34' title='bbox 1064 939 1092 978; x_wconf 95' lang='grc' dir='ltr'>τ.</span> <span class='ocrx_word' id='word_1_35' title='bbox 1113 939 1141 979; x_wconf 89' lang='grc' dir='ltr'>τ.</span> <span class='ocrx_word' id='word_1_36' title='bbox 1163 939 1186 977; x_wconf 93' lang='grc' dir='ltr'><em>ε.</em></span> <span class='ocrx_word' id='word_1_37' title='bbox 1207 937 1231 980; x_wconf 94' lang='grc' dir='ltr'>ο.</span> <span class='ocrx_word' id='word_1_38' title='bbox 1253 937 1285 989; x_wconf 74' lang='grc' dir='ltr'>ν.</span> 
     </span>
     <span class='ocr_line' id='line_1_6' title="bbox 202 1022 1286 1113; baseline 0.001 -24"><span class='ocrx_word' id='word_1_39' title='bbox 202 1025 308 1104; x_wconf 77' lang='grc' dir='ltr'><em>τοὶρος,</em></span> <span class='ocrx_word' id='word_1_40' title='bbox 332 1022 399 1108; x_wconf 80' lang='grc' dir='ltr'>ἕνῷ</span> <span class='ocrx_word' id='word_1_41' title='bbox 422 1026 463 1090; x_wconf 75' lang='grc' dir='ltr'>τὰ</span> <span class='ocrx_word' id='word_1_42' title='bbox 487 1025 576 1091; x_wconf 72' lang='grc' dir='ltr'>πάντ’</span> <span class='ocrx_word' id='word_1_43' title='bbox 599 1028 745 1090; x_wconf 76' lang='grc' dir='ltr'><em>ἔ’λειισσ’</em></span> <span class='ocrx_word' id='word_1_44' title='bbox 769 1026 891 1091; x_wconf 53' lang='lat' dir='ltr'>§nntius</span> <span class='ocrx_word' id='word_1_45' title='bbox 911 1024 916 1113; x_wconf 98' lang='lat' dir='ltr'><strong><em>J</em></strong></span> <span class='ocrx_word' id='word_1_46' title='bbox 936 1027 1063 1107; x_wconf 77' lang='grc' dir='ltr'><em>μέτοχος</em></span> <span class='ocrx_word' id='word_1_47' title='bbox 1087 1024 1120 1102; x_wconf 75' lang='grc' dir='ltr'>ἦν</span> <span class='ocrx_word' id='word_1_48' title='bbox 1143 1031 1286 1112; x_wconf 82' lang='grc' dir='ltr'>κοικῶν·Ι</span> 
     </span>
     <span class='ocr_line' id='line_1_7' title="bbox 203 1138 1288 1227; baseline 0.003 -26"><span class='ocrx_word' id='word_1_49' title='bbox 203 1144 250 1203; x_wconf 82' lang='grc' dir='ltr'>νῦν</span> <span class='ocrx_word' id='word_1_50' title='bbox 269 1139 292 1202; x_wconf 77' lang='grc' dir='ltr'>δ’</span> <span class='ocrx_word' id='word_1_51' title='bbox 313 1143 330 1214; x_wconf 72' lang='grc' dir='ltr'><em>ἡ</em></span> <span class='ocrx_word' id='word_1_52' title='bbox 349 1139 403 1216; x_wconf 79' lang='grc' dir='ltr'>μὲν</span> <span class='ocrx_word' id='word_1_53' title='bbox 423 1138 490 1218; x_wconf 77' lang='grc' dir='ltr'><em>ἔρρει</em></span> <span class='ocrx_word' id='word_1_54' title='bbox 509 1146 731 1220; x_wconf 82' lang='grc' dir='ltr'><em>σνμφοροιῖσι</em></span> <span class='ocrx_word' id='word_1_55' title='bbox 752 1138 947 1219; x_wconf 66' lang='grc' dir='ltr'><em>δυστυχής,</em></span> <span class='ocrx_word' id='word_1_56' title='bbox 962 1145 965 1227; x_wconf 93' lang='grc' dir='ltr'>Ι</span> <span class='ocrx_word' id='word_1_57' title='bbox 980 1138 1098 1204; x_wconf 74' lang='grc' dir='ltr'>ι’ὶτιτον</span> <span class='ocrx_word' id='word_1_58' title='bbox 1122 1140 1288 1204; x_wconf 73' lang='grc' dir='ltr'><em>εἰσιοῦσαι</em></span> 
     </span>
     <span class='ocr_line' id='line_1_8' title="bbox 202 1250 1286 1340; baseline 0.003 -25"><span class='ocrx_word' id='word_1_59' title='bbox 202 1260 327 1330; x_wconf 75' lang='grc' dir='ltr'>νῆροις</span> <span class='ocrx_word' id='word_1_60' title='bbox 349 1252 488 1333; x_wconf 79' lang='grc' dir='ltr'><em>φίλων,</em></span> <span class='ocrx_word' id='word_1_61' title='bbox 508 1251 514 1339; x_wconf 97' lang='grc' dir='ltr'>Ι</span> <span class='ocrx_word' id='word_1_62' title='bbox 535 1254 646 1324; x_wconf 73' lang='grc' dir='ltr'><em>τάσις</em></span> <span class='ocrx_word' id='word_1_63' title='bbox 669 1251 694 1315; x_wconf 76' lang='grc' dir='ltr'>δ’</span> <span class='ocrx_word' id='word_1_64' title='bbox 713 1254 851 1332; x_wconf 77' lang='grc' dir='ltr'><em>εὐτυχεῖ,</em></span> <span class='ocrx_word' id='word_1_65' title='bbox 872 1250 877 1340; x_wconf 89' lang='grc' dir='ltr'>Ι</span> <span class='ocrx_word' id='word_1_66' title='bbox 897 1252 1017 1329; x_wconf 76' lang='grc' dir='ltr'>με’λεος,</span> <span class='ocrx_word' id='word_1_67' title='bbox 1033 1250 1182 1332; x_wconf 75' lang='grc' dir='ltr'>ἓςθνροιῖος</span> <span class='ocrx_word' id='word_1_68' title='bbox 1200 1255 1286 1318; x_wconf 79' lang='grc' dir='ltr'><em>ἐλθὼν</em></span> 
     </span>
     <span class='ocr_line' id='line_1_9' title="bbox 202 1364 1288 1452; baseline 0.002 -23"><span class='ocrx_word' id='word_1_69' title='bbox 202 1364 304 1442; x_wconf 77' lang='grc' dir='ltr'><em>δόμους</em></span> <span class='ocrx_word' id='word_1_70' title='bbox 325 1364 330 1452; x_wconf 95' lang='grc' dir='ltr'>Ι</span> <span class='ocrx_word' id='word_1_71' title='bbox 350 1367 449 1444; x_wconf 66' lang='grc' dir='ltr'>μένον</span> <span class='ocrx_word' id='word_1_72' title='bbox 471 1369 500 1437; x_wconf 84' lang='grc' dir='ltr'>ἐς</span> <span class='ocrx_word' id='word_1_73' title='bbox 525 1365 611 1442; x_wconf 68' lang='grc' dir='ltr'><em>ὄλβον</em></span> <span class='ocrx_word' id='word_1_74' title='bbox 635 1369 686 1430; x_wconf 81' lang='grc' dir='ltr'>οὐκ</span> <span class='ocrx_word' id='word_1_75' title='bbox 709 1366 840 1430; x_wconf 71' lang='grc' dir='ltr'><em>ἴσωσεν</em></span> <span class='ocrx_word' id='word_1_76' title='bbox 867 1367 966 1444; x_wconf 78' lang='grc' dir='ltr'><em>τύχοις</em></span> <span class='ocrx_word' id='word_1_77' title='bbox 985 1368 999 1447; x_wconf 92' lang='grc' dir='ltr'>Ι.</span> <span class='ocrx_word' id='word_1_78' title='bbox 1031 1364 1117 1445; x_wconf 78' lang='lat' dir='ltr'>Quae</span> <span class='ocrx_word' id='word_1_79' title='bbox 1143 1366 1288 1452; x_wconf 77' lang='lat' dir='ltr'>pleraque</span> 
     </span>
     <span class='ocr_line' id='line_1_10' title="bbox 203 1478 1286 1562; baseline 0.003 -22"><span class='ocrx_word' id='word_1_80' title='bbox 203 1479 304 1542; x_wconf 83' lang='lat' dir='ltr'>omnia</span> <span class='ocrx_word' id='word_1_81' title='bbox 338 1480 429 1542; x_wconf 86' lang='lat' dir='ltr'>nimis</span> <span class='ocrx_word' id='word_1_82' title='bbox 466 1481 579 1542; x_wconf 85' lang='lat' dir='ltr'>incerta</span> <span class='ocrx_word' id='word_1_83' title='bbox 614 1487 703 1556; x_wconf 87' lang='lat' dir='ltr'>sunt,</span> <span class='ocrx_word' id='word_1_84' title='bbox 740 1486 770 1542; x_wconf 86' lang='lat' dir='ltr'>et</span> <span class='ocrx_word' id='word_1_85' title='bbox 805 1478 915 1562; x_wconf 83' lang='lat' dir='ltr'>purtim</span> <span class='ocrx_word' id='word_1_86' title='bbox 948 1486 1027 1542; x_wconf 87' lang='lat' dir='ltr'>certe</span> <span class='ocrx_word' id='word_1_87' title='bbox 1058 1501 1119 1542; x_wconf 90' lang='lat' dir='ltr'>non</span> <span class='ocrx_word' id='word_1_88' title='bbox 1144 1479 1286 1557; x_wconf 83' lang='lat' dir='ltr'>ferenda,</span> 
     </span>
     <span class='ocr_line' id='line_1_11' title="bbox 203 1591 1289 1676; baseline 0.003 -23"><span class='ocrx_word' id='word_1_89' title='bbox 203 1592 287 1654; x_wconf 86' lang='lat' dir='ltr'>velut</span> <span class='ocrx_word' id='word_1_90' title='bbox 323 1591 405 1674; x_wconf 90' lang='lat' dir='ltr'>quod</span> <span class='ocrx_word' id='word_1_91' title='bbox 439 1593 560 1676; x_wconf 81' lang='lat' dir='ltr'>scripsit</span> <span class='ocrx_word' id='word_1_92' title='bbox 591 1591 659 1672; x_wconf 75' lang='grc' dir='ltr'><em>ἔρρει</em></span> <span class='ocrx_word' id='word_1_93' title='bbox 691 1598 920 1670; x_wconf 79' lang='grc' dir='ltr'><em>σιιμΦοροιῖσι</em></span> <span class='ocrx_word' id='word_1_94' title='bbox 952 1593 1173 1671; x_wconf 73' lang='grc' dir='ltr'><em>δυστυχής,</em></span> <span class='ocrx_word' id='word_1_95' title='bbox 1206 1594 1289 1676; x_wconf 91' lang='lat' dir='ltr'>quod</span> 
     </span>
     <span class='ocr_line' id='line_1_12' title="bbox 204 1705 1288 1788; baseline 0.001 -20"><span class='ocrx_word' id='word_1_96' title='bbox 204 1727 251 1768; x_wconf 89' lang='lat' dir='ltr'>me</span> <span class='ocrx_word' id='word_1_97' title='bbox 276 1705 377 1769; x_wconf 86' lang='lat' dir='ltr'>iudice</span> <span class='ocrx_word' id='word_1_98' title='bbox 402 1706 569 1769; x_wconf 89' lang='lat' dir='ltr'>miserrime</span> <span class='ocrx_word' id='word_1_99' title='bbox 593 1706 735 1788; x_wconf 81' lang='lat' dir='ltr'>languet,</span> <span class='ocrx_word' id='word_1_100' title='bbox 758 1712 792 1767; x_wconf 92' lang='lat' dir='ltr'>ut</span> <span class='ocrx_word' id='word_1_101' title='bbox 811 1712 923 1768; x_wconf 83' lang='lat' dir='ltr'>taceam</span> <span class='ocrx_word' id='word_1_102' title='bbox 947 1706 1029 1783; x_wconf 86' lang='grc' dir='ltr'><em>ἔρρειν</em></span> <span class='ocrx_word' id='word_1_103' title='bbox 1050 1706 1188 1770; x_wconf 85' lang='lat' dir='ltr'>absolute</span> <span class='ocrx_word' id='word_1_104' title='bbox 1202 1729 1288 1769; x_wconf 88' lang='lat' dir='ltr'>usur·</span> 
     </span>
     <span class='ocr_line' id='line_1_13' title="bbox 203 1818 1286 1902; baseline 0.002 -22"><span class='ocrx_word' id='word_1_105' title='bbox 203 1819 267 1902; x_wconf 83' lang='lat' dir='ltr'>pari</span> <span class='ocrx_word' id='word_1_106' title='bbox 292 1818 397 1882; x_wconf 87' lang='lat' dir='ltr'>solere.</span> <span class='ocrx_word' id='word_1_107' title='bbox 434 1818 593 1882; x_wconf 81' lang='lat' dir='ltr'>Praeterea</span> <span class='ocrx_word' id='word_1_108' title='bbox 616 1819 693 1882; x_wconf 81' lang='lat' dir='ltr'>citra</span> <span class='ocrx_word' id='word_1_109' title='bbox 716 1819 926 1882; x_wconf 83' lang='lat' dir='ltr'>necessitatem</span> <span class='ocrx_word' id='word_1_110' title='bbox 951 1839 1020 1881; x_wconf 90' lang='lat' dir='ltr'>cum</span> <span class='ocrx_word' id='word_1_111' title='bbox 1041 1818 1100 1880; x_wconf 83' lang='lat' dir='ltr'>ulia</span> <span class='ocrx_word' id='word_1_112' title='bbox 1117 1827 1286 1897; x_wconf 83' lang='lat' dir='ltr'>mutantur,</span> 
     </span>
     <span class='ocr_line' id='line_1_14' title="bbox 203 1930 1288 2014; baseline 0.003 -22"><span class='ocrx_word' id='word_1_113' title='bbox 203 1939 267 1994; x_wconf 89' lang='lat' dir='ltr'>tum</span> <span class='ocrx_word' id='word_1_114' title='bbox 293 1931 439 1995; x_wconf 84' lang='lat' dir='ltr'>librorum</span> <span class='ocrx_word' id='word_1_115' title='bbox 464 1932 614 2014; x_wconf 85' lang='lat' dir='ltr'>scriptura</span> <span class='ocrx_word' id='word_1_116' title='bbox 641 1930 722 2002; x_wconf 79' lang='grc' dir='ltr'><em>πόσις</em></span> <span class='ocrx_word' id='word_1_117' title='bbox 747 1931 770 1994; x_wconf 77' lang='grc' dir='ltr'>δ’</span> <span class='ocrx_word' id='word_1_118' title='bbox 799 1932 961 2001; x_wconf 72' lang='grc' dir='ltr'>οὶτίετος</span> <span class='ocrx_word' id='word_1_119' title='bbox 988 1931 1102 2012; x_wconf 81' lang='grc' dir='ltr'><em>φίλων,</em></span> <span class='ocrx_word' id='word_1_120' title='bbox 1128 1932 1211 2014; x_wconf 91' lang='lat' dir='ltr'>quod</span> <span class='ocrx_word' id='word_1_121' title='bbox 1235 1932 1288 1995; x_wconf 82' lang='lat' dir='ltr'>cd-</span> 
     </span>
     <span class='ocr_line' id='line_1_15' title="bbox 202 2044 1287 2121; baseline 0.002 -15"><span class='ocrx_word' id='word_1_122' title='bbox 202 2045 346 2107; x_wconf 88' lang='lat' dir='ltr'>iectivum</span> <span class='ocrx_word' id='word_1_123' title='bbox 372 2068 440 2108; x_wconf 90' lang='lat' dir='ltr'>cum</span> <span class='ocrx_word' id='word_1_124' title='bbox 465 2044 675 2121; x_wconf 85' lang='lat' dir='ltr'>Wakefieldo,</span> <span class='ocrx_word' id='word_1_125' title='bbox 704 2044 856 2120; x_wconf 84' lang='lat' dir='ltr'>Seidlcro,</span> <span class='ocrx_word' id='word_1_126' title='bbox 884 2044 1078 2120; x_wconf 85' lang='lat' dir='ltr'>Hermanno,</span> <span class='ocrx_word' id='word_1_127' title='bbox 1103 2044 1171 2107; x_wconf 82' lang='lat' dir='ltr'>aliis</span> <span class='ocrx_word' id='word_1_128' title='bbox 1195 2067 1287 2108; x_wconf 87' lang='lat' dir='ltr'>sensu</span> 
     </span>
     <span class='ocr_line' id='line_1_16' title="bbox 203 2157 1287 2241; baseline 0.003 -23"><span class='ocrx_word' id='word_1_129' title='bbox 203 2159 300 2220; x_wconf 79' lang='lat' dir='ltr'>activo</span> <span class='ocrx_word' id='word_1_130' title='bbox 331 2159 461 2241; x_wconf 82' lang='lat' dir='ltr'>accipio,</span> <span class='ocrx_word' id='word_1_131' title='bbox 494 2167 529 2221; x_wconf 89' lang='lat' dir='ltr'>nt</span> <span class='ocrx_word' id='word_1_132' title='bbox 558 2158 678 2222; x_wconf 83' lang='lat' dir='ltr'>dicatur</span> <span class='ocrx_word' id='word_1_133' title='bbox 702 2157 829 2220; x_wconf 85' lang='lat' dir='ltr'>Xuthus</span> <span class='ocrx_word' id='word_1_134' title='bbox 852 2166 1110 2240; x_wconf 88' lang='lat' dir='ltr'>contemptor</span> <span class='ocrx_word' id='word_1_135' title='bbox 1134 2159 1287 2221; x_wconf 83' lang='lat' dir='ltr'>uxoris.</span> 
     </span>
     <span class='ocr_line' id='line_1_17' title="bbox 114 2258 1287 2352; baseline 0.003 -22"><span class='ocrx_word' id='word_1_136' title='bbox 114 2258 118 2266; x_wconf 42' lang='grc'><em>“</em></span> <span class='ocrx_word' id='word_1_137' title='bbox 203 2266 247 2331; x_wconf 84' lang='lat' dir='ltr'>Cf.</span> <span class='ocrx_word' id='word_1_138' title='bbox 271 2268 376 2352; x_wconf 83' lang='lat' dir='ltr'>Eurip.</span> <span class='ocrx_word' id='word_1_139' title='bbox 402 2268 482 2333; x_wconf 89' lang='lat' dir='ltr'>Med.</span> <span class='ocrx_word' id='word_1_140' title='bbox 508 2271 571 2331; x_wconf 74' lang='lat'>658</span> <span class='ocrx_word' id='word_1_141' title='bbox 598 2269 760 2348; x_wconf 71' lang='grc' dir='ltr'>ἀχάριστος</span> <span class='ocrx_word' id='word_1_142' title='bbox 783 2268 865 2332; x_wconf 73' lang='grc' dir='ltr'>ὄλοιθ’</span> <span class='ocrx_word' id='word_1_143' title='bbox 888 2265 942 2348; x_wconf 75' lang='grc' dir='ltr'>ὅτῳ</span> <span class='ocrx_word' id='word_1_144' title='bbox 961 2267 1083 2348; x_wconf 76' lang='grc' dir='ltr'>τοὶρεστι</span> <span class='ocrx_word' id='word_1_145' title='bbox 1099 2271 1145 2345; x_wconf 65' lang='grc' dir='ltr'>μὴ</span> <span class='ocrx_word' id='word_1_146' title='bbox 1161 2271 1287 2351; x_wconf 79' lang='grc' dir='ltr'><em>φίλους</em></span> 
     </span>
     <span class='ocr_line' id='line_1_18' title="bbox 202 2379 1288 2465; baseline 0.004 -22"><span class='ocrx_word' id='word_1_147' title='bbox 202 2403 238 2443; x_wconf 93' lang='grc' dir='ltr'>τι</span> <span class='ocrx_word' id='word_1_148' title='bbox 247 2382 326 2454; x_wconf 72' lang='grc' dir='ltr'>μᾶν</span> <span class='ocrx_word' id='word_1_149' title='bbox 356 2393 386 2442; x_wconf 87' lang='lat' dir='ltr'>ct</span> <span class='ocrx_word' id='word_1_150' title='bbox 412 2380 453 2444; x_wconf 92' lang='lat' dir='ltr'>ib.</span> <span class='ocrx_word' id='word_1_151' title='bbox 478 2381 595 2465; x_wconf 79' lang='grc'><strong>6961).</strong></span> <span class='ocrx_word' id='word_1_152' title='bbox 633 2379 768 2443; x_wconf 87' lang='lat' dir='ltr'>Adiutus</span> <span class='ocrx_word' id='word_1_153' title='bbox 791 2390 893 2443; x_wconf 83' lang='lat' dir='ltr'>tumen</span> <span class='ocrx_word' id='word_1_154' title='bbox 920 2390 1010 2442; x_wconf 79' lang='lat' dir='ltr'>acuta</span> <span class='ocrx_word' id='word_1_155' title='bbox 1034 2381 1226 2447; x_wconf 88' lang='lat' dir='ltr'>Heimsoethi</span> <span class='ocrx_word' id='word_1_156' title='bbox 1250 2383 1288 2447; x_wconf 88' lang='lat' dir='ltr'>de</span> 
     </span>
     <span class='ocr_line' id='line_1_19' title="bbox 204 2492 1287 2576; baseline 0.005 -22"><span class='ocrx_word' id='word_1_157' title='bbox 204 2493 262 2557; x_wconf 91' lang='lat' dir='ltr'>hoc</span> <span class='ocrx_word' id='word_1_158' title='bbox 287 2493 353 2556; x_wconf 89' lang='lat' dir='ltr'>loco</span> <span class='ocrx_word' id='word_1_159' title='bbox 378 2492 585 2576; x_wconf 83' lang='lat' dir='ltr'>disputatione</span> <span class='ocrx_word' id='word_1_160' title='bbox 609 2493 666 2556; x_wconf 89' lang='lat' dir='ltr'>hoc</span> <span class='ocrx_word' id='word_1_161' title='bbox 691 2492 791 2556; x_wconf 88' lang='lat' dir='ltr'>videre</span> <span class='ocrx_word' id='word_1_162' title='bbox 816 2493 891 2556; x_wconf 89' lang='lat' dir='ltr'>mihi</span> <span class='ocrx_word' id='word_1_163' title='bbox 916 2493 1020 2556; x_wconf 90' lang='lat' dir='ltr'>videor</span> <span class='ocrx_word' id='word_1_164' title='bbox 1044 2516 1084 2558; x_wconf 90' lang='lat' dir='ltr'>vs.</span> <span class='ocrx_word' id='word_1_165' title='bbox 1103 2497 1166 2557; x_wconf 89' lang='grc'>696</span> <span class='ocrx_word' id='word_1_166' title='bbox 1184 2495 1287 2560; x_wconf 80' lang='lat' dir='ltr'>deesse</span> 
     </span>
     <span class='ocr_line' id='line_1_20' title="bbox 201 2604 1287 2688; baseline 0.003 -21"><span class='ocrx_word' id='word_1_167' title='bbox 201 2605 384 2669; x_wconf 87' lang='lat' dir='ltr'>infinitivum</span> <span class='ocrx_word' id='word_1_168' title='bbox 412 2626 535 2688; x_wconf 87' lang='lat' dir='ltr'>prorsus</span> <span class='ocrx_word' id='word_1_169' title='bbox 559 2605 783 2680; x_wconf 83' lang='lat' dir='ltr'>necessarium,</span> <span class='ocrx_word' id='word_1_170' title='bbox 808 2612 838 2666; x_wconf 87' lang='lat' dir='ltr'>et</span> <span class='ocrx_word' id='word_1_171' title='bbox 863 2605 925 2666; x_wconf 88' lang='grc'>699</span> <span class='ocrx_word' id='word_1_172' title='bbox 949 2604 1027 2666; x_wconf 82' lang='lat' dir='ltr'>male</span> <span class='ocrx_word' id='word_1_173' title='bbox 1051 2627 1125 2668; x_wconf 87' lang='lat' dir='ltr'>sano</span> <span class='ocrx_word' id='word_1_174' title='bbox 1149 2604 1287 2670; x_wconf 79' lang='lat' dir='ltr'>laborare</span> 
     </span>
     <span class='ocr_line' id='line_1_21' title="bbox 188 2716 1287 2800; baseline 0.004 -20"><span class='ocrx_word' id='word_1_175' title='bbox 188 2720 310 2782; x_wconf 77' lang='lat' dir='ltr'>‘veteris</span> <span class='ocrx_word' id='word_1_176' title='bbox 341 2717 467 2781; x_wconf 80' lang='lat' dir='ltr'>lacunae</span> <span class='ocrx_word' id='word_1_177' title='bbox 497 2716 730 2800; x_wconf 88' lang='lat' dir='ltr'>supplemento,</span> <span class='ocrx_word' id='word_1_178' title='bbox 763 2738 824 2800; x_wconf 90' lang='lat' dir='ltr'>quo</span> <span class='ocrx_word' id='word_1_179' title='bbox 856 2725 1008 2800; x_wconf 84' lang='lat' dir='ltr'>expuncto</span> <span class='ocrx_word' id='word_1_180' title='bbox 1033 2717 1136 2781; x_wconf 88' lang='lat' dir='ltr'>locum</span> <span class='ocrx_word' id='word_1_181' title='bbox 1159 2720 1202 2782; x_wconf 90' lang='lat' dir='ltr'>sic</span> <span class='ocrx_word' id='word_1_182' title='bbox 1224 2720 1287 2784; x_wconf 83' lang='lat' dir='ltr'>fere</span> 
     </span>
     <span class='ocr_line' id='line_1_22' title="bbox 203 2828 1285 2920; baseline 0.003 -27"><span class='ocrx_word' id='word_1_183' title='bbox 203 2831 275 2895; x_wconf 91' lang='lat' dir='ltr'>olim</span> <span class='ocrx_word' id='word_1_184' title='bbox 306 2832 455 2916; x_wconf 83' lang='lat' dir='ltr'>scriptum</span> <span class='ocrx_word' id='word_1_185' title='bbox 485 2830 578 2893; x_wconf 83' lang='lat' dir='ltr'>fuisse</span> <span class='ocrx_word' id='word_1_186' title='bbox 608 2830 763 2914; x_wconf 87' lang='lat' dir='ltr'>suspicor:</span> <span class='ocrx_word' id='word_1_187' title='bbox 796 2828 901 2911; x_wconf 78' lang='grc' dir='ltr'>φίλιοι,</span> <span class='ocrx_word' id='word_1_188' title='bbox 927 2831 1024 2909; x_wconf 79' lang='grc' dir='ltr'><em>πότερ’</em></span> <span class='ocrx_word' id='word_1_189' title='bbox 1047 2833 1107 2915; x_wconf 79' lang='grc' dir='ltr'>ε’μρῖ</span> <span class='ocrx_word' id='word_1_190' title='bbox 1130 2833 1285 2920; x_wconf 66' lang='grc' dir='ltr'><em>δεστοὶνροΙ</em></span> 
     </span>
     <span class='ocr_line' id='line_1_23' title="bbox 201 2939 1290 3030; baseline 0.003 -22"><span class='ocrx_word' id='word_1_191' title='bbox 201 2945 271 3008; x_wconf 71' lang='grc' dir='ltr'><em>τοὶδε</em></span> <span class='ocrx_word' id='word_1_192' title='bbox 291 2951 373 3023; x_wconf 81' lang='grc' dir='ltr'><em>τορῶς</em></span> <span class='ocrx_word' id='word_1_193' title='bbox 401 2947 430 3016; x_wconf 81' lang='grc' dir='ltr'>ἐς</span> <span class='ocrx_word' id='word_1_194' title='bbox 453 2943 498 3016; x_wconf 82' lang='grc' dir='ltr'>οὖς</span> <span class='ocrx_word' id='word_1_195' title='bbox 523 2949 678 3021; x_wconf 65' lang='lat' dir='ltr'>muru</span> <span class='ocrx_word' id='word_1_196' title='bbox 704 2944 869 3008; x_wconf 78' lang='grc' dir='ltr'><strong><em>πλέκειν</em></strong></span> <span class='ocrx_word' id='word_1_197' title='bbox 889 2942 895 3030; x_wconf 92' lang='grc' dir='ltr'>Ι</span> <span class='ocrx_word' id='word_1_198' title='bbox 915 2944 1015 3022; x_wconf 77' lang='grc' dir='ltr'><em>τάσιν,</em></span> <span class='ocrx_word' id='word_1_199' title='bbox 1039 2948 1068 3008; x_wconf 82' lang='grc' dir='ltr'>ἐν</span> <span class='ocrx_word' id='word_1_200' title='bbox 1091 2939 1112 3026; x_wconf 77' lang='grc' dir='ltr'><em>ᾧ</em></span> <span class='ocrx_word' id='word_1_201' title='bbox 1135 2945 1175 3010; x_wconf 72' lang='grc' dir='ltr'>τοὶ</span> <span class='ocrx_word' id='word_1_202' title='bbox 1199 2945 1290 3011; x_wconf 71' lang='grc' dir='ltr'>στάντ’</span> 
     </span>
     <span class='ocr_line' id='line_1_24' title="bbox 200 3054 1296 3146; baseline 0.004 -25"><span class='ocrx_word' id='word_1_203' title='bbox 200 3057 298 3138; x_wconf 61' lang='grc' dir='ltr'><em>ἔχειν’</em></span> <span class='ocrx_word' id='word_1_204' title='bbox 324 3059 446 3123; x_wconf 65' lang='lat' dir='ltr'>surrent</span> <span class='ocrx_word' id='word_1_205' title='bbox 466 3057 471 3146; x_wconf 95' lang='lat' dir='ltr'><strong><em>J</em></strong></span> <span class='ocrx_word' id='word_1_206' title='bbox 492 3058 619 3138; x_wconf 80' lang='grc' dir='ltr'><em>μέτοχος</em></span> <span class='ocrx_word' id='word_1_207' title='bbox 643 3054 675 3132; x_wconf 83' lang='grc' dir='ltr'>ἦν</span> <span class='ocrx_word' id='word_1_208' title='bbox 698 3060 839 3135; x_wconf 73' lang='grc' dir='ltr'>τλοὶμιον,</span> <span class='ocrx_word' id='word_1_209' title='bbox 861 3056 867 3146; x_wconf 96' lang='grc' dir='ltr'>Ι</span> <span class='ocrx_word' id='word_1_210' title='bbox 887 3063 933 3122; x_wconf 80' lang='grc' dir='ltr'>νῦν</span> <span class='ocrx_word' id='word_1_211' title='bbox 951 3058 976 3122; x_wconf 79' lang='grc' dir='ltr'>δ’</span> <span class='ocrx_word' id='word_1_212' title='bbox 997 3061 1013 3132; x_wconf 80' lang='grc' dir='ltr'><strong><em>ἡ</em></strong></span> <span class='ocrx_word' id='word_1_213' title='bbox 1033 3061 1085 3135; x_wconf 79' lang='grc' dir='ltr'>μὲν</span> <span class='ocrx_word' id='word_1_214' title='bbox 1106 3059 1189 3141; x_wconf 79' lang='grc' dir='ltr'><em>ἔρρει,</em></span> <span class='ocrx_word' id='word_1_215' title='bbox 1209 3084 1296 3137; x_wconf 48' lang='grc' dir='ltr'>σομε</span> 
     </span>
    </p>
   </div>
   <div class='ocr_carea' id='block_1_3' title="bbox 200 3168 1281 3268">
    <p class='ocr_par' dir='ltr' id='par_1_4' title="bbox 200 3168 1281 3268">
     <span class='ocr_line' id='line_1_25' title="bbox 200 3168 1281 3268; baseline 0.004 -34"><span class='ocrx_word' id='word_1_216' title='bbox 200 3177 303 3251; x_wconf 78' lang='grc' dir='ltr'>φοριιῖς</span> <span class='ocrx_word' id='word_1_217' title='bbox 338 3171 379 3254; x_wconf 86' lang='grc' dir='ltr'>(τ’</span> <span class='ocrx_word' id='word_1_218' title='bbox 412 3169 606 3251; x_wconf 75' lang='grc' dir='ltr'><em>ἐνέξεται)</em></span> <span class='ocrx_word' id='word_1_219' title='bbox 626 3168 632 3257; x_wconf 93' lang='grc' dir='ltr'>Ι</span> <span class='ocrx_word' id='word_1_220' title='bbox 652 3172 749 3235; x_wconf 78' lang='grc' dir='ltr'>πολιὸν</span> <span class='ocrx_word' id='word_1_221' title='bbox 779 3171 955 3236; x_wconf 77' lang='grc' dir='ltr'>εἰσπεσοῦσαι</span> <span class='ocrx_word' id='word_1_222' title='bbox 982 3181 1094 3254; x_wconf 75' lang='grc' dir='ltr'>νῆροις,</span> <span class='ocrx_word' id='word_1_223' title='bbox 1127 3171 1210 3244; x_wconf 77' lang='grc' dir='ltr'><em>πόσις</em></span> <span class='ocrx_word' id='word_1_224' title='bbox 1233 3171 1257 3237; x_wconf 55' lang='grc' dir='ltr'>ὃ)</span> <span class='ocrx_word' id='word_1_225' title='bbox 1276 3185 1281 3268; x_wconf 87' lang='grc' dir='ltr'>Ι</span> 
     </span>
    </p>
   </div>
   <div class='ocr_carea' id='block_1_4' title="bbox 200 3283 1284 3823">
    <p class='ocr_par' dir='ltr' id='par_1_5' title="bbox 200 3283 1284 3823">
     <span class='ocr_line' id='line_1_26' title="bbox 200 3283 1284 3363; baseline 0.006 -17"><span class='ocrx_word' id='word_1_226' title='bbox 200 3283 314 3353; x_wconf 77' lang='grc' dir='ltr'>οὶτίετος</span> <span class='ocrx_word' id='word_1_227' title='bbox 338 3285 432 3363; x_wconf 77' lang='grc' dir='ltr'><em>Φίλιον</em></span> <span class='ocrx_word' id='word_1_228' title='bbox 451 3284 512 3348; x_wconf 80' lang='grc' dir='ltr'>κτὲ.</span> <span class='ocrx_word' id='word_1_229' title='bbox 539 3285 558 3348; x_wconf 92' lang='lat' dir='ltr'>i.</span> <span class='ocrx_word' id='word_1_230' title='bbox 575 3306 599 3346; x_wconf 94' lang='lat' dir='ltr'>e.</span> <span class='ocrx_word' id='word_1_231' title='bbox 625 3285 803 3360; x_wconf 85' lang='lat' dir='ltr'>Amicae,</span> <span class='ocrx_word' id='word_1_232' title='bbox 828 3293 962 3348; x_wconf 86' lang='lat' dir='ltr'>utrum</span> <span class='ocrx_word' id='word_1_233' title='bbox 983 3308 1088 3349; x_wconf 83' lang='lat' dir='ltr'>meae</span> <span class='ocrx_word' id='word_1_234' title='bbox 1113 3287 1284 3353; x_wconf 81' lang='lat' dir='ltr'>dominae</span> 
     </span>
     <span class='ocr_line' id='line_1_27' title="bbox 201 3396 1281 3480; baseline 0.009 -23"><span class='ocrx_word' id='word_1_235' title='bbox 201 3396 295 3459; x_wconf 85' lang='lat' dir='ltr'>haec</span> <span class='ocrx_word' id='word_1_236' title='bbox 317 3407 455 3480; x_wconf 82' lang='lat' dir='ltr'>aperte</span> <span class='ocrx_word' id='word_1_237' title='bbox 476 3398 514 3460; x_wconf 92' lang='lat' dir='ltr'>in</span> <span class='ocrx_word' id='word_1_238' title='bbox 536 3420 671 3461; x_wconf 80' lang='lat' dir='ltr'>aurem</span> <span class='ocrx_word' id='word_1_239' title='bbox 696 3399 823 3463; x_wconf 83' lang='lat' dir='ltr'>dicam</span> <span class='ocrx_word' id='word_1_240' title='bbox 850 3399 1073 3464; x_wconf 83' lang='lat' dir='ltr'>machinari</span> <span class='ocrx_word' id='word_1_241' title='bbox 1096 3404 1281 3480; x_wconf 83' lang='lat' dir='ltr'>maritum,</span> 
     </span>
     <span class='ocr_line' id='line_1_28' title="bbox 201 3510 1283 3596; baseline 0.008 -26"><span class='ocrx_word' id='word_1_242' title='bbox 201 3510 240 3570; x_wconf 92' lang='lat' dir='ltr'>in</span> <span class='ocrx_word' id='word_1_243' title='bbox 271 3531 347 3591; x_wconf 91' lang='lat' dir='ltr'>quo</span> <span class='ocrx_word' id='word_1_244' title='bbox 379 3510 510 3573; x_wconf 82' lang='lat' dir='ltr'>omnia</span> <span class='ocrx_word' id='word_1_245' title='bbox 538 3511 688 3574; x_wconf 82' lang='lat' dir='ltr'>habens</span> <span class='ocrx_word' id='word_1_246' title='bbox 712 3511 897 3595; x_wconf 79' lang='lat' dir='ltr'>repnsita</span> <span class='ocrx_word' id='word_1_247' title='bbox 919 3514 1005 3596; x_wconf 87' lang='lat' dir='ltr'>spei</span> <span class='ocrx_word' id='word_1_248' title='bbox 1029 3515 1175 3578; x_wconf 81' lang='lat' dir='ltr'>misera</span> <span class='ocrx_word' id='word_1_249' title='bbox 1199 3523 1283 3579; x_wconf 86' lang='lat' dir='ltr'>erut</span> 
     </span>
     <span class='ocr_line' id='line_1_29' title="bbox 201 3620 1283 3716; baseline 0.009 -33"><span class='ocrx_word' id='word_1_250' title='bbox 201 3623 429 3705; x_wconf 81' lang='lat' dir='ltr'>particeps.</span> <span class='ocrx_word' id='word_1_251' title='bbox 468 3620 583 3716; x_wconf 77' lang='lat' dir='ltr'>Nunc</span> <span class='ocrx_word' id='word_1_252' title='bbox 617 3623 694 3687; x_wconf 81' lang='lat' dir='ltr'>illa</span> <span class='ocrx_word' id='word_1_253' title='bbox 730 3625 891 3708; x_wconf 91' lang='lat' dir='ltr'>quidem</span> <span class='ocrx_word' id='word_1_254' title='bbox 929 3627 1056 3709; x_wconf 87' lang='lat' dir='ltr'>periit</span> <span class='ocrx_word' id='word_1_255' title='bbox 1085 3629 1283 3713; x_wconf 84' lang='lat' dir='ltr'>malisque</span> 
     </span>
     <span class='ocr_line' id='line_1_30' title="bbox 201 3737 1284 3823; baseline 0.008 -26"><span class='ocrx_word' id='word_1_256' title='bbox 201 3742 406 3817; x_wconf 87' lang='lat' dir='ltr'>premetur</span> <span class='ocrx_word' id='word_1_257' title='bbox 440 3737 674 3813; x_wconf 89' lang='lat' dir='ltr'>continuis,</span> <span class='ocrx_word' id='word_1_258' title='bbox 710 3738 779 3802; x_wconf 92' lang='lat' dir='ltr'>ubi</span> <span class='ocrx_word' id='word_1_259' title='bbox 809 3739 854 3800; x_wconf 83' lang='lat' dir='ltr'>ad</span> <span class='ocrx_word' id='word_1_260' title='bbox 883 3760 1018 3802; x_wconf 84' lang='lat' dir='ltr'>canam</span> <span class='ocrx_word' id='word_1_261' title='bbox 1044 3745 1284 3823; x_wconf 87' lang='lat' dir='ltr'>pervenerit</span> 
     </span>
    </p>
   </div>
   <div class='ocr_carea' id='block_1_5' title="bbox 208 3931 398 3938">
    <p class='ocr_par' dir='ltr' id='par_1_6' title="bbox 208 3931 398 3938">
     <span class='ocr_line' id='line_1_31' title="bbox 208 3931 398 3938; baseline 0 0"><span class='ocrx_word' id='word_1_262' title='bbox 208 3931 398 3938; x_wconf 75' lang='lat'>-.—-.—-—-</span> 
     </span>
    </p>
   </div>
   <div class='ocr_carea' id='block_1_6' title="bbox 199 4047 1283 4369">
    <p class='ocr_par' dir='ltr' id='par_1_7' title="bbox 199 4047 1283 4369">
     <span class='ocr_line' id='line_1_32' title="bbox 237 4047 1283 4114; baseline 0.005 -18"><span class='ocrx_word' id='word_1_263' title='bbox 237 4052 259 4108; x_wconf 82' lang='lat' dir='ltr'>t)</span> <span class='ocrx_word' id='word_1_264' title='bbox 284 4048 427 4106; x_wconf 84' lang='lat' dir='ltr'>Wecklein,</span> <span class='ocrx_word' id='word_1_265' title='bbox 451 4048 525 4096; x_wconf 71' lang='lat' dir='ltr'>stud.</span> <span class='ocrx_word' id='word_1_266' title='bbox 549 4065 570 4096; x_wconf 77' lang='grc' dir='ltr'>ι.</span> <span class='ocrx_word' id='word_1_267' title='bbox 594 4050 659 4097; x_wconf 74' lang='lat' dir='ltr'>Eur.</span> <span class='ocrx_word' id='word_1_268' title='bbox 683 4064 708 4114; x_wconf 90' lang='lat' dir='ltr'>p.</span> <span class='ocrx_word' id='word_1_269' title='bbox 732 4049 780 4096; x_wconf 83' lang='grc'>313</span> <span class='ocrx_word' id='word_1_270' title='bbox 803 4047 929 4111; x_wconf 80' lang='lat' dir='ltr'>corrigens</span> <span class='ocrx_word' id='word_1_271' title='bbox 953 4056 1033 4100; x_wconf 70' lang='grc' dir='ltr'>τέκνων</span> <span class='ocrx_word' id='word_1_272' title='bbox 1048 4063 1095 4114; x_wconf 90' lang='lat' dir='ltr'>pro</span> <span class='ocrx_word' id='word_1_273' title='bbox 1112 4055 1178 4106; x_wconf 76' lang='grc' dir='ltr'><em>πόσις</em></span> <span class='ocrx_word' id='word_1_274' title='bbox 1195 4048 1218 4100; x_wconf 77' lang='grc' dir='ltr'>δ’</span> <span class='ocrx_word' id='word_1_275' title='bbox 1231 4067 1283 4100; x_wconf 89' lang='lat' dir='ltr'>non</span> 
     </span>
     <span class='ocr_line' id='line_1_33' title="bbox 200 4136 1283 4200; baseline 0.002 -13"><span class='ocrx_word' id='word_1_276' title='bbox 200 4138 300 4187; x_wconf 89' lang='lat' dir='ltr'>videtur</span> <span class='ocrx_word' id='word_1_277' title='bbox 328 4136 533 4188; x_wconf 74' lang='lat' dir='ltr'>animadvertisse</span> <span class='ocrx_word' id='word_1_278' title='bbox 560 4136 734 4187; x_wconf 75' lang='lat' dir='ltr'>difficultatem</span> <span class='ocrx_word' id='word_1_279' title='bbox 762 4136 790 4185; x_wconf 89' lang='lat' dir='ltr'>iu</span> <span class='ocrx_word' id='word_1_280' title='bbox 815 4136 910 4186; x_wconf 83' lang='lat' dir='ltr'>Purtic.</span> <span class='ocrx_word' id='word_1_281' title='bbox 936 4137 997 4186; x_wconf 83' lang='lat' dir='ltr'>Aur.</span> <span class='ocrx_word' id='word_1_282' title='bbox 1023 4143 1165 4189; x_wconf 71' lang='grc' dir='ltr'><em>εἰσπεσοῦσαι.</em></span> <span class='ocrx_word' id='word_1_283' title='bbox 1200 4138 1283 4200; x_wconf 76' lang='lat' dir='ltr'>Quasi</span> 
     </span>
     <span class='ocr_line' id='line_1_34' title="bbox 200 4227 1280 4291; baseline 0.002 -13"><span class='ocrx_word' id='word_1_284' title='bbox 200 4229 295 4278; x_wconf 75' lang='lat' dir='ltr'>Creusa</span> <span class='ocrx_word' id='word_1_285' title='bbox 310 4229 359 4277; x_wconf 80' lang='lat' dir='ltr'>ium</span> <span class='ocrx_word' id='word_1_286' title='bbox 378 4228 412 4276; x_wconf 87' lang='lat' dir='ltr'>sit</span> <span class='ocrx_word' id='word_1_287' title='bbox 428 4231 505 4277; x_wconf 80' lang='lat' dir='ltr'>unus!</span> <span class='ocrx_word' id='word_1_288' title='bbox 524 4229 563 4276; x_wconf 81' lang='lat' dir='ltr'>ltu</span> <span class='ocrx_word' id='word_1_289' title='bbox 578 4228 667 4277; x_wconf 78' lang='lat' dir='ltr'>saltem</span> <span class='ocrx_word' id='word_1_290' title='bbox 685 4227 762 4276; x_wconf 85' lang='lat' dir='ltr'>simul</span> <span class='ocrx_word' id='word_1_291' title='bbox 776 4228 952 4291; x_wconf 82' lang='lat' dir='ltr'>corrigendum</span> <span class='ocrx_word' id='word_1_292' title='bbox 963 4229 998 4276; x_wconf 88' lang='lat' dir='ltr'>sit</span> <span class='ocrx_word' id='word_1_293' title='bbox 1010 4232 1110 4280; x_wconf 72' lang='grc' dir='ltr'><em>εἰσιοῦσιν</em></span> <span class='ocrx_word' id='word_1_294' title='bbox 1121 4244 1180 4278; x_wconf 88' lang='lat' dir='ltr'>cum</span> <span class='ocrx_word' id='word_1_295' title='bbox 1192 4229 1280 4280; x_wconf 82' lang='lat' dir='ltr'>Hcim·</span> 
     </span>
     <span class='ocr_line' id='line_1_35' title="bbox 199 4319 442 4369; baseline -0.004 -2"><span class='ocrx_word' id='word_1_296' title='bbox 199 4319 305 4369; x_wconf 83' lang='lat' dir='ltr'>suethio.</span> <span class='ocrx_word' id='word_1_297' title='bbox 328 4319 368 4368; x_wconf 82' lang='lat' dir='ltr'>uf.</span> <span class='ocrx_word' id='word_1_298' title='bbox 386 4321 442 4369; x_wconf 79' lang='lat'><strong>608.</strong></span> 
     </span>
    </p>
   </div>
   <div class='ocr_carea' id='block_1_7' title="bbox 0 0 1560 4914">
    <p class='ocr_par' dir='ltr' id='par_1_8' title="bbox 0 0 1560 4914">
     <span class='ocr_line' id='line_1_36' title="bbox 0 0 1560 4914; baseline 0 0"><span class='ocrx_word' id='word_1_299' title='bbox 0 0 1560 4914; x_wconf 95' lang='lat' dir='ltr'> </span> 
     </span>
    </p>
   </div>
  </div>
 </body>
</html>
