3112 4914
273 414 332 456 VIII
725 412 906 460 eaaaauxlo.

274 610 486 673 scelestissime
512 612 551 673 sit
579 618 698 674 conata.
730 611 803 694 Ipsa
827 610 879 674 illa
905 611 1041 696 ¹suspicio
1066 613 1265 694 quantumvis
1288 612 1361 676 falsa

276 747 336 786 non
369 724 523 795 levissimo
553 733 672 798 tamen,
699 746 768 787 nam
794 722 952 788 fatendum
979 734 1042 801 ost,
1068 733 1276 808 superstructa
1300 734 1362 789 erat

274 846 462 920 argumento.
505 835 583 900 Cum
616 837 695 900 enim
728 837 792 921 ipse
820 837 877 900 Ion
910 860 952 901 vs.
985 841 1048 900 325
1082 837 1214 925 Creusae
1246 840 1363 919 signifi-

270 945 369 1013 casset
400 973 432 1013 sc
464 951 592 1013 fortasse
620 973 655 1012 ex
680 950 842 1032 illegitimo
868 952 1049 1014 commercio
1073 957 1178 1014 natum
1205 974 1287 1026 csse,
1313 953 1362 1014 vix

272 1066 336 1130 fieri
368 1072 484 1148 poterat
515 1065 589 1149 quin
621 1063 736 1127 Oreiisa
767 1064 858 1127 fidem
890 1063 1012 1127 haberet
1042 1065 1082 1127 iis
1106 1087 1183 1148 quac
1208 1067 1235 1128 ei
1259 1075 1362 1129 narrat

239 1169 241 1173 ¹
274 1179 467 1262 paedagogus
493 1200 550 1243 vss.
575 1180 639 1239 815
658 1200 723 1261 sqq.
759 1177 940 1241 Est‘tamon
966 1177 1049 1260 quod
1074 1179 1191 1242 mireris
1215 1180 1360 1257 chorum,

275 1292 328 1375 qui
352 1291 438 1355 Ionis
462 1312 530 1353 cum
557 1290 665 1353 Xutho
689 1289 845 1375 colloquio
862 1291 998 1369 affuerit,
1019 1291 1150 1356 Creusae
1167 1295 1282 1376 aperire
1298 1303 1362 1356 tan·

274 1403 433 1467 tummodo
466 1403 498 1466 id
531 1404 613 1487 quod
647 1405 805 1488 proposita
832 1426 930 1487 poena
954 1406 1061 1469 mortis
1085 1405 1211 1469 Xuthus
1235 1407 1361 1471 reticere

273 1542 304 1582 se
327 1519 473 1595 iusserat,
499 1519 655 1581 inventum
682 1541 746 1581 esse
770 1517 808 1581 ab
833 1518 899 1601 ipso
924 1519 1018 1581 filium
1040 1519 1160 1595 Ionem,
1178 1542 1234 1583 nec
1251 1542 1362 1582 memo-

272 1654 354 1703 rare,
380 1631 463 1714 quod
489 1629 616 1693 Xuthus
640 1631 671 1693 in
697 1630 802 1693 eodem
827 1630 981 1713 colloquio
1006 1640 1070 1693 erat
1094 1632 1267 1708 confessus,
1288 1632 1361 1695 olim

272 1743 517 1808 Bacchanalibus
533 1766 594 1806 rem
614 1766 645 1806 so
662 1742 806 1806 habuisse
823 1765 892 1805 cum
910 1744 1057 1806 maenada
1073 1744 1176 1825 aliqua
1194 1744 1359 1827 Delphica,

275 1881 366 1943 seque
380 1859 527 1943 suspicari
540 1857 646 1920 Ionem
661 1879 698 1919 ex
710 1857 770 1918 ista
782 1856 1006 1919 consuetudine
1016 1863 1123 1919 natum
1132 1879 1197 1919 esse
1210 1857 1261 1939 (cf.
1272 1860 1361 1942 803),

274 1993 329 2035 nec
358 1971 454 2054 magis
483 1969 592 2033 referre
617 1969 760 2038 Xuthum
784 1969 932 2053 hospitis,
958 1991 1019 2031 non
1043 1970 1116 2045 filii,
1142 1971 1264 2033 nomine
1289 1971 1362 2034 ado-

177 2126 181 2132 ·
273 2085 434 2148 lescentem
459 2083 626 2147 ducturum
652 2106 716 2145 esse
740 2083 895 2156 Athenas,
928 2091 963 2144 ut
987 2083 1201 2166 progrediente
1224 2095 1361 2168 tempore

271 2208 379 2261 nactus
404 2197 667 2280 opportunitatem
693 2217 792 2258 veram
817 2196 883 2259 eius
908 2195 1055 2278 originem
1079 2217 1148 2278 cum
1172 2218 1265 2259 uxore
1282 2219 1360 2260 com·

271 2313 443 2376 manicaret
467 2311 556 2394 eique
581 2308 793 2393 persuaderet,
813 2315 848 2371 ut
865 2307 935 2371 Ioni
950 2309 1038 2392 regni
1055 2310 1276 2373 successionem
1293 2333 1361 2394 per-

274 2426 425 2506 mitteret3
459 2423 670 2507 paedagogum
699 2427 823 2498 contra,
853 2422 908 2504 qui
931 2422 983 2484 isti
1008 2421 1162 2505 colloquio
1187 2444 1246 2484 non
1273 2423 1362 2486 affuit

273 2561 372 2624 neque
401 2537 522 2601 interim
553 2537 655 2620 potuit
679 2558 748 2599 cum
773 2535 866 2598 choro
890 2535 1097 2612 confabulari,
1123 2536 1229 2598 audito
1253 2537 1359 2599 harum

269 2651 451 2715 famularum
486 2649 597 2712 nuntio
622 2648 726 2715 statim
752 2648 790 2712 de
813 2671 870 2711 suo
894 2650 1084 2713 comminisci
1108 2649 1242 2733 aliquam
1267 2650 1362 2714 fabel-

268 2764 329 2828 lam
354 2764 463 2848 partim
488 2764 701 2826 concinentem
730 2784 799 2825 cum
825 2762 861 2824 iis
885 2784 965 2845 quae
988 2762 1115 2826 Xuthus
1139 2763 1277 2840 dixerat,
1305 2786 1360 2827 nec

270 2876 395 2941 verbum
422 2877 531 2939 deinde
556 2876 628 2938 addi
649 2874 687 2939 ab
708 2874 845 2953 aucillis,
865 2897 926 2957 qua
947 2875 1031 2938 illius
1052 2876 1185 2959 suspicio
1201 2877 1263 2939 sive
1280 2877 1361 2940 infir-

269 2999 403 3055 maretur
427 2991 489 3053 sive
514 2991 755 3053 confirmaretur.
779 2987 866 3067 Quae
889 3011 937 3051 res
961 3011 997 3051 eo
1021 2991 1119 3073 magis
1144 2989 1283 3053 miranda
1300 2999 1359 3065 est,

271 3103 390 3189 quode
410 3103 522 3165 cantici
548 3103 752 3184 (are—724)
779 3108 883 3164 tenore
908 3101 1075 3184 pleniorem
1093 3125 1198 3165 eorum
1216 3125 1294 3184 quae
1310 3126 1361 3166 au-

270 3216 389 3280 dierant
412 3217 634 3278 enarrationem
659 3221 833 3297 exspectare
856 3215 922 3277 iure
946 3222 1131 3299 poteramus.
1161 3215 1260 3278 Aliam
1286 3216 1362 3278 diffi-

271 3330 416 3393 cultatem
448 3329 554 3411 tetigi,
585 3350 647 3390 non
672 3327 828 3411 expedivi,
854 3327 886 3391 in
911 3329 1129 3391 commentario
1155 3329 1192 3391 ad
1218 3352 1258 3392 vs.
1284 3332 1359 3392 806.

315 3442 389 3505 Esto
411 3450 529 3517 autem,
549 3450 584 3504 ut
601 3441 758 3504 redeamus
775 3442 806 3503 in
823 3441 919 3518 viam,
936 3440 1053 3504 Creusa
1069 3442 1184 3504 nefaria
1200 3441 1311 3505 mulier
1325 3443 1361 3527 1).

270 3555 421 3618 Vixerunt
440 3563 469 3617 et
487 3557 594 3617 vivunt
611 3561 641 3616 et
658 3554 760 3616 vivent
776 3553 915 3616 homines
933 3554 1052 3616 scelesti
1070 3555 1230 3638 permulti,
1245 3554 1362 3619 Oretisa

272 3670 398 3732 fortasse
423 3668 611 3731 scelestiores
636 3667 719 3730 haud
737 3668 835 3749 pauci.
859 3666 970 3730 Poetae
987 3668 1092 3751 igitur,
1112 3668 1360 3731 vitaehumanae

270 3783 436 3857 imitatori,
466 3782 617 3845 eiusmodi
640 3802 784 3864 personas
808 3780 839 3843 in
865 3803 985 3844 scenam
1005 3780 1173 3864 producere
1189 3782 1237 3845 ius
1254 3782 1361 3866 fasque

271 3917 335 3958 esse
360 3916 420 3957 non
438 3916 603 3977 negamus,
622 3893 799 3969 notamen,
822 3902 937 3957 utnon
955 3893 1017 3956 sint
1036 3893 1141 3977 pusilli
1157 3895 1289 3978 ingenii,
1307 3895 1359 3957 sed

275 4069 477 4082 .-.-—---

306 4174 332 4236 1)
349 4169 485 4236 improbos
502 4174 687 4235 repraesentare
703 4169 732 4218 in
748 4184 822 4218 scena
838 4174 925 4218 noster
942 4175 1018 4219 amat.
1037 4171 1121 4220 Sctot.
1137 4173 1173 4220 ad
1184 4172 1278 4236 Eurip.
1292 4189 1318 4237 p.
1329 4173 1360 4222 69

272 4264 303 4312 de
326 4265 474 4324 argumento
498 4260 609 4309 Orestis:
636 4265 663 4312 τὸ
685 4262 767 4329 δρᾶμα
787 4263 884 4321 acatal
902 4271 984 4319 σκηνῆς
1001 4256 1185 4327 &dompetram
1204 4266 1320 4330 χιὶριστον
1337 4264 1361 4314 δὲ

273 4361 320 4411 τοῖς
336 4356 424 4414 ἤθεσιν,
443 4354 499 4410 πλὴν
514 4355 561 4420 γὰρ
578 4351 681 4402 Πυλάδου
696 4355 779 4407 πάντας
796 4352 875 4416 φαῦλοι
893 4352 958 4408 ἦσαν.
982 4349 1022 4399 Of.
1040 4349 1121 4400 Arist.
1137 4351 1208 4400 Poet.
1228 4367 1249 4401 c.
1267 4350 1328 4400 XV.
