3112 4914
232 353 295 419 182
641 372 895 417 concurramus.

229 567 331 633 σαθτια
362 567 580 647 νυμφευτήρια,
605 566 673 630 Alc.
699 569 761 630 992
787 566 891 632 σκίτιοι
916 567 1029 638 παῖδος.
1061 567 1185 653 Reliqui
1209 567 1315 652 tragici

229 682 379 745 adiectivo
402 703 464 745 non
490 690 629 745 utuntur.

277 798 349 859 861.
381 796 630 876 ἀπολειφθῶ,
658 795 676 860 i.
701 817 726 859 a.
751 796 953 876 οίταλλαχθῶ.
989 795 1105 861 Contra
1127 795 1228 861 Orest.
1251 800 1315 860 alc

228 911 474 991 ἀπολειφθείς
498 916 607 991 φρενῶν
631 938 673 972 =
696 913 849 992 στερηθείς.

276 1028 349 1089 863.
382 1023 515 1102 ε’μτθδιον
538 1024 672 1102 κιθνιιιμα.
708 1023 793 1089 Nota
815 1024 1038 1109 pleonasmum.

266 1126 350 1203 Ι866.
383 1140 422 1214 δη
452 1139 585 1203 θέσθαι
622 1161 676 1223 pro
710 1138 852 1204 διαθέσθαι
876 1140 992 1203 conieci
1023 1143 1190 1225 Verrtopca
1213 1142 1270 1217 IV,
1297 1147 1316 1207 2

231 1279 260 1338 p.
298 1255 359 1315 186
384 1275 445 1336 sq.,
475 1252 527 1316 ubi
559 1251 648 1315 simul
673 1252 783 1316 Troad.
812 1255 872 1315 116
902 1250 941 1328 ἧς
967 1253 1008 1327 aa
1032 1261 1171 1331 κεῖμαι
1196 1277 1251 1340 pro
1274 1257 1317 1328 ιἰς

231 1367 436 1444 διιίκειμαι
471 1364 681 1450 reponendum
713 1387 777 1428 esse
807 1366 923 1431 monui.
960 1367 988 1429 A
1013 1367 1096 1432 verbi
1119 1368 1200 1431 enim
1223 1369 1316 1433 διατι-

231 1481 306 1546 θέναι
337 1501 394 1542 usu
428 1478 534 1562 tragici
559 1497 684 1562 prorsus
708 1476 896 1540 abstinuisse
916 1477 1069 1542 videntur.
1115 1479 1160 1543 De
1184 1480 1316 1544 formula

232 1590 263 1659 εὖ
291 1616 315 1656 s.
346 1599 444 1664 καλῶς
475 1590 600 1656 τίθεσθαι
631 1590 817 1674 (διατίθεσθαι
846 1613 881 1654 ea
904 1591 935 1655 in
960 1613 992 1654 re
1016 1591 1166 1656 Graecum
1191 1594 1315 1677 quidem

233 1715 296 1792 cst,
320 1706 371 1770 sed
397 1729 414 1770 a
436 1715 592 1789 poetarum
620 1727 678 1769 usu
702 1704 850 1789 alienum)
874 1704 943 1768 vido
967 1727 1045 1789 quae
1069 1729 1125 1790 ego
1150 1708 1256 1792 scripsi
1281 1709 1318 1772 ad

233 1822 310 1885 Oed.
335 1820 410 1906 Reg.
437 1822 499 1882 635
525 1827 555 1882 et
579 1818 739 1883 Blomfield
763 1820 795 1882 iu
819 1818 910 1902 gloss.
933 1819 971 1882 ad
997 1821 1092 1905 Agam
1119 1823 1170 1886 32.

280 1937 355 2000 876.
379 1937 413 1999 οιί
437 1956 491 2018 pro
515 1935 565 2009 μθι
590 1955 672 1997 mora
696 1932 894 1998 Doriensinm
915 1956 1005 2019 saepe
1028 1935 1136 2019 tragici
1152 1973 1196 1985 —-
1216 1938 1335 2002 στοαί·

234 2073 371 2129 αστοον
402 2046 585 2111 vocabulum
619 2045 693 2111 alibi
728 2069 789 2111 non
819 2048 954 2127 lectum;
978 2050 1134 2132 aequiores
1158 2051 1315 2115 interdum

235 2160 505 2241 τολνοίστερος
528 2160 682 2226 adhibent.

281 2281 356 2343 873.
381 2278 495 2354 Λίμνης
519 2314 564 2324 -
585 2276 858 2356 Τριτωνιάδος.
882 2276 998 2342 Lucan.
1023 2277 1159 2344 Pharsal.
1179 2278 1236 2357 IX,
1256 2282 1319 2344 350

235 2388 272 2451 de
295 2388 429 2452 Tritonis
454 2387 582 2471 palude:
609 2387 714 2450 Hanc
738 2396 774 2452 et
798 2387 925 2452 Pallas
950 2395 1061 2468 amat,
1082 2391 1205 2474 patris
1222 2391 1319 2475 quod

234 2503 375 2566 vertice
407 2509 493 2565 nata
522 2500 718 2564 Terrarum
751 2501 909 2584 primam
942 2499 1089 2586 Libyen
1120 2505 1212 2585 (nam
1238 2526 1322 2588 pro·

235 2614 333 2678 xima
364 2613 451 2699 polo
484 2623 552 2678 est.
593 2612 700 2692 Quod
732 2613 869 2698 probat
899 2614 981 2698 ipse
1012 2614 1129 2699 calor)
1162 2616 1319 2700 tetigit:

235 2727 439 2812 stagnique
474 2728 602 2811 quieta
637 2725 778 2790 Vultus
818 2726 913 2790 vidit
949 2749 1043 2811 aqua
1077 2747 1253 2807 rosmnquu
1288 2749 1321 2793 ur

235 2860 377 2904 mancine
408 2859 556 2905 ausurae.
600 2840 647 2902 Et
679 2863 715 2904 se
747 2839 892 2904 dilecta
922 2840 1118 2905 Tritonida
1149 2841 1246 2905 dixit
1277 2843 1320 2907 ab

235 2954 341 3018 unda.
369 2954 469 3037 Apoll.
486 2953 512 3030 I,
531 2956 561 3030 3,
578 2955 595 3038 q
611 2955 658 3016 16.
682 2953 818 3018 Bnanns.
843 2954 956 3018 Herod.
969 2953 1025 3031 IV,
1040 2957 1111 3020 179.
1134 2955 1319 3021 Muscanrn.

235 3068 360 3132 Frustra
383 3067 493 3131 Reiske
516 3076 546 3131 et
571 3067 693 3153 Duport
713 3069 909 3132 coniecerunt
924 3067 1033 3133 τθτναν
1047 3066 1193 3146 ίίνασσαν,
1211 3070 1321 3136 Kirch·

235 3182 301 3246 hoff
321 3182 548 3247 τοτνιιίνασσαν.

282 3296 321 3360 87
326 3297 355 3359 4.
378 3294 640 3371 οὶτονησαμένη.
669 3293 839 3377 Hesychius
856 3317 878 3358 s.
893 3316 919 3358 r.
940 3293 1073 3379 explicat
1091 3296 1322 3376 οίτοσωρειίονσα.

236 3408 376 3472 Correxit
399 3406 589 3472 Valckenaar
613 3407 709 3470 Diatr.
739 3410 811 3470 155.
836 3406 920 3470 Male
944 3407 1079 3492 Scaliger
1094 3409 1321 3488 ἀπονιψαμένη,

237 3521 342 3606 paullo
358 3521 466 3585 melius
482 3520 597 3584 Barnes
613 3521 833 3598 ασοσεισαμίνη
850 3521 1051 3583 coniecerant.
1068 3518 1204 3602 (Nostro
1215 3520 1322 3587 Helen.

241 3636 323 3697 1535
348 3655 402 3717 pro
426 3634 465 3704 είς
488 3630 516 3696 ἓν
540 3628 572 3703 ἦν
595 3631 715 3695 reddidi
738 3630 828 3705 είσένη
853 3633 1019 3714 Varalcpcn
1041 3629 1098 3708 IV,
1122 3634 1152 3707 2,
1175 3634 1235 3694 105
1254 3636 1322 3716 sq.).

236 3746 308 3810 Non
334 3747 411 3810 male
434 3746 653 3829 comparaveris
677 3745 787 3809 Aesch.
812 3746 920 3828 Agam.
951 3747 1010 3808 165
1035 3745 1059 3808 εί
1082 3745 1116 3809 τὸ
1139 3746 1243 3822 μιίταν
1264 3747 1324 3811 aaa

236 3861 382 3944 onarrboc
412 3859 505 3942 ἄχθος
531 3863 589 3941 χρη
611 3861 718 3936 βαλεῖν
742 3860 903 3936 ἐτητύμως.
927 3897 972 3910 -
996 3860 1069 3942 ῥᾴων
1092 3859 1206 3936 ἔσομαι.
1240 3859 1324 3924 Haec

237 3976 367 4041 formula
402 3976 487 4058 (ῥᾴων
521 3976 681 4053 γίγνομαι,
720 3977 796 4051 είμι,
830 3975 950 4060 proprie
986 3972 1151 4037 adhibetur
1178 3973 1216 4037 de
1243 3995 1325 4037 con·

238 4087 532 4163 valescentibus,
567 4089 825 4173 quemadmodum
858 4087 940 4172 apud
968 4087 1060 4152 Iones
1092 4086 1209 4169 ρἠίζειν,
1242 4086 1324 4172 apud

238 4205 358 4268 Atticos
388 4202 510 4284 ῥαίζειν,
541 4204 603 4266 sive
628 4203 730 4288 potius
754 4201 865 4286 ῥηίζειν,
891 4202 997 4287 (quam
1021 4202 1147 4267 formam
1174 4201 1324 4265 dialectos

237 4320 313 4382 ratio
338 4318 492 4403 postulare
514 4318 589 4381 mihi
607 4317 736 4392 videtur,
757 4325 792 4380 ut
808 4339 905 4401 nuper
924 4317 1115 4382 intellectum
1138 4325 1184 4380 est
1199 4315 1324 4398 ληίζομαι
