3112 4914
271 372 312 433 72
686 387 944 434 concurrimus.

275 585 341 647 nfra
375 589 450 649 949.
492 585 537 650 Of.
567 587 671 670 Antig.
696 587 729 652 fr.
755 593 792 664 8,
822 589 855 664 l,
882 587 951 670 Iph.
978 593 1014 651 A.
1040 590 1115 671 9117,
1141 586 1254 650 Phoen.
1281 589 1356 663 331,

275 697 379 782 Suppl.
405 701 486 782 899,
510 707 579 763 0011.

323 815 369 876 ll.
404 811 638 892 προσβόρρους
674 815 808 894 πέτροις
842 814 1008 893 Μονκροὶς.
1042 814 1088 876 Of.
1122 817 1187 876 494
1219 824 1249 876 et
1283 816 1357 878 936.

272 925 438 990 Pausanias
471 927 485 988 l
511 929 570 1004 98,
603 930 620 1011 b
644 931 681 990 41
714 928 870 1005 corradatur
901 927 924 991 δ’
949 931 998 992 οὐκ
1022 931 1050 999 ἐς
1075 931 1126 1002 τὴν
1149 928 1229 992 κάτω
1255 928 1357 1004 πόλιν,

271 1040 342 1103 ἀλλ’
366 1038 428 1104 ὅσον
453 1040 507 1104 ὑπὸ
531 1041 572 1105 τοὶ
595 1042 782 1123 agendmm,
808 1045 891 1118 πηγή
915 1067 948 1105 τε
973 1039 1075 1113 ῧδοοτος
1091 1044 1153 1106 ἐστι
1170 1044 1219 1106 xxi
1237 1044 1358 1117 πλησίον

272 1152 453 1222 Λπόλλωνος
484 1154 553 1232 ἱερὸν
585 1157 614 1219 ἕν
646 1155 786 1234 σπηλαίῳ,
812 1154 861 1219 nal
893 1156 999 1226 Ποινός.
1031 1156 1155 1236 Κρέονσρ
1183 1157 1211 1219 δὲ
1236 1157 1358 1235 θυγατρὶ

267 1265 426 1344 Ἐρεχθέος
452 1265 627 1331 Ἀπόλλωνα
650 1268 775 1330 surcido
801 1269 994 1343 συγγενέσθαι
1019 1268 1160 1347 νομίζουσι
1186 1270 1245 1333 uri.
1276 1267 1359 1332 Male

272 1378 343 1440 olim
376 1379 491 1442 Barnes
521 1380 578 1443 hoc
602 1388 722 1444 autrum
748 1381 887 1445 confudit
911 1404 979 1444 cum
1006 1404 1056 1457 e0,
1083 1381 1164 1465 quod
1190 1405 1208 1446 a
1234 1382 1358 1445 meridie

223 1505 224 1508 ’
271 1493 346 1555 arcis
381 1503 444 1556 erat
475 1495 637 1557 imminens
662 1494 780 1558 theatro
808 1496 939 1573 Bacchi,
965 1472 1165 1560 memoratum
1189 1496 1226 1559 ab
1253 1496 1359 1560 eodem

274 1604 424 1669 Pausania
449 1630 513 1690 cap.
539 1611 576 1670 91
603 1611 620 1692 b
644 1611 675 1672 4.

324 1721 373 1783 19.
406 1721 533 1784 Uncinis
566 1721 645 1805 sepsi
678 1746 795 1786 versum
828 1724 902 1787 milii
932 1732 1105 1809 suspectum
1130 1723 1169 1787 ob
1194 1726 1358 1808 repetitum

271 1833 355 1897 brevi
388 1834 549 1897 intervallo
581 1836 662 1898 Deae
686 1859 796 1899 nomeu
821 1846 851 1900 et
876 1837 1092 1902 abundantiam
1119 1837 1282 1901 verborum
1305 1846 1360 1911 τῆς

151 2025 155 2032 ν
273 1949 428 2023 Ἀθηναίων
452 1948 569 2029 χθονός,
595 1957 631 2013 111
655 1960 767 2014 taceam
791 1951 1014 2035 impeditiorem
1038 1959 1239 2028 structuram,
1266 1976 1357 2035 quam

274 2070 375 2125 tamen
399 2062 527 2125 fortasse
551 2086 620 2125 eum
646 2064 814 2128 Matthiaeo
838 2067 917 2126 tueri
944 2065 1041 2148 possis
1066 2065 1139 2128 locis
1164 2065 1245 2149 chl.
1272 2068 1354 2144 993,

274 2175 367 2259 Soph.
393 2175 501 2240 Trach.
526 2180 611 2239 1193
624 2168 632 2250 ,’
656 2177 734 2241 Phil.
759 2182 832 2242 4119.
857 2177 957 2241 Natus
982 2179 1101 2241 videtur
1125 2202 1160 2242 ex
1184 2179 1360 2264 interpreta-

275 2297 380 2352 mento
413 2288 626 2352 Alexandrinis
661 2290 896 2376 Byrantiuisque
927 2291 1055 2354 fortasse
1085 2293 1270 2369 necessarie,
1296 2315 1358 2356 non

275 2403 515 2466 Atheniensibus
523 2453 532 2485 ,
558 2405 611 2486 qui
636 2405 689 2468 ubi
711 2404 837 2485 Μνκρονί
859 2413 960 2469 esseut
982 2429 1044 2469 non
1065 2415 1149 2468 erant
1166 2407 1303 2470 docendi.
1327 2406 1359 2469 si

168 2547 170 2550 ·
276 2517 350 2601 quid
376 2518 487 2580 addere
511 2517 674 2603 placuisset
698 2519 854 2603 Euripidi,
882 2520 983 2603 potius
1005 2520 1173 2604 scripsisset
1191 2520 1271 2603 quod
1291 2544 1360 2604 pro-

276 2632 379 2716 posuit
404 2631 521 2696 Usener
544 2633 623 2696 Mus.
647 2632 744 2698 Rhen.
768 2633 899 2710 XXIII,
926 2656 993 2718 pag.
1023 2637 1101 2711 154,
1127 2634 1237 2697 citatus
1253 2659 1271 2699 a
1288 2635 1361 2699 Din-

277 2745 382 2811 dorfio.
425 2744 504 2809 Vide
534 2749 717 2830 Verstopen,
743 2746 799 2822 IV,
826 2752 855 2822 9,
881 2771 908 2831 p.
938 2751 1008 2812 171.

325 2862 375 2922 13.
410 2867 481 2936 γῆς
517 2858 686 2931 ἄνοικτος.
728 2860 832 2944 Vulgo
864 2862 907 2924 sic
939 2861 1069 2924 audiunt
1101 2884 1294 2945 proceres,
1328 2872 1363 2925 ut

280 2973 357 3038 infra
394 2978 488 3040 1999.
520 2974 566 3040 Of.
598 2975 691 3059 Soph.
724 2974 760 3040 Ο.
785 2975 819 3040 R.
853 2979 935 3050 911,
962 2977 1034 3038 Ant.
1061 2978 1143 3054 983,
1168 2975 1205 3038 O.
1232 2975 1264 3039 O.
1291 2979 1363 3040 331.

278 3088 368 3167 Quae
397 3097 498 3152 tamen
523 3087 662 3153 vocabuli
688 3097 820 3173 potestas
846 3090 906 3153 huc
929 3112 990 3152 11011
1016 3089 1154 3174 quadrat.
1197 3089 1260 3153 Our
1284 3090 1362 3152 enim

218 3245 220 3250 .
281 3203 356 3266 soli
379 3225 553 3287 proceres
569 3226 674 3287 rupem
692 3204 735 3266 ita
752 3203 933 3267 vocassent?
956 3202 1048 3266 Verte
1065 3210 1189 3266 terrae
1207 3202 1363 3282 domini,

281 3317 317 3381 cl.
342 3317 457 3380 Phoen.
484 3319 589 3393 1008,
614 3317 657 3380 ita
681 3323 781 3381 tamen
806 3325 840 3380 111
857 3317 1005 3381 incolas
1022 3316 1254 3400 (Athenienses)
1273 3316 1365 3379 intel·

281 3433 372 3516 legas.
397 3469 441 3480 -
466 3430 554 3510 Quae
578 3431 669 3495 fuerit
693 3431 847 3516 primitiva
872 3430 1089 3495 vocabulorum
1106 3427 1183 3504 ν’1νονξ
1199 3428 1364 3495 01οένοὶσσω

283 3553 432 3630 potestas,
468 3545 582 3628 optime
617 3553 741 3628 apparet
777 3567 813 3607 ex
849 3544 991 3608 adverbio
1025 3542 1171 3615 οὶνοονέως,
1204 3564 1266 3627 quo
1299 3551 1366 3605 ute-

283 3658 395 3723 bantur
425 3658 515 3722 Iones
549 3680 603 3742 pro
635 3659 790 3733 ἐπιμελῶς.
838 3656 920 3721 111110
952 3656 1033 3740 apud
1062 3655 1241 3740 Sophoclem
1265 3654 1367 3718 nescio

284 3774 352 3857 quis
392 3779 533 3859 portae
573 3772 788 3835 custodem
825 3772 993 3854 alloquitur
1028 3771 1125 3834 verbis
1161 3771 1255 3844 πύλης
1291 3768 1368 3844 οἶνοιξ

285 3887 392 3968 θυρωρὲ..
417 3885 477 3970 (Of.
502 3885 604 3949 Miller
628 3883 784 3968 Melanges
805 3885 843 3948 de
863 3884 923 3948 litt.
945 3885 999 3947 Gr.
1024 3907 1089 3968 pag.
1107 3887 1172 3964 39).
1199 3883 1368 3967 Aeschylus

285 4001 367 4064 Pers,
401 4001 464 4064 370
500 4004 531 4061 et
563 4005 632 4082 post
663 4020 731 4061 eum
765 3998 927 4081 Euripides
959 3997 1083 4081 Cyclop.
1112 4000 1153 4058 36
1180 3997 1367 4081 remigem

286 4122 434 4178 vocarunt
470 4112 567 4186 κώπης
602 4109 738 4184 drama,
775 4111 855 4175 idem
892 4111 1056 4196 Spartanos
1090 4111 1201 4189 ψευδῶν
1236 4108 1368 4182 docerer

283 4228 432 4293 Androm.
457 4248 500 4289 vs.
526 4229 600 4289 447.

335 4344 384 4406 14.
407 4341 535 4416 οὶρνὼς
559 4376 602 4389 ·-
626 4337 745 4420 ampl
770 4337 868 4400 clam
894 4345 1028 4420 patre,
1054 4359 1148 4414 nove,
1178 4336 1231 4400 sed
1256 4336 1370 4422 optime
