3112 4914
176 437 180 445 ⁸
270 364 331 429 159
658 374 660 378 ‘
683 366 936 431 comederimus.

267 580 368 662 πύύος,
394 580 550 662 (;κοὶγὼ
575 580 757 660 πούῶ),,ἰ.ε
797 579 836 642 id
860 580 991 662 ipsum
1017 602 1088 664 ego
1112 602 1272 662 quoque
1296 580 1357 643 de-

268 695 416 772 sidero.
456 694 552 758 Miror
582 695 613 756 in
648 703 720 756 nota
752 703 905 758 structura
934 693 1056 757 haerere
1091 697 1227 778 potuisse
1261 695 1357 758 virum

270 818 331 873 tem
358 811 491 894 peritum
516 832 607 891 quem
633 819 679 872 est
702 808 857 885 Badhem‚
884 809 936 892 qui
961 809 1091 872 coniecit
1106 810 1190 873 τοῦδε
1209 808 1255 872 vel
1273 809 1360 892 peius
1433 884 1435 887 Ι

271 924 359 986 etiam
385 926 478 987 πούεῖν
506 923 640 1006 allegans
666 923 766 986 locum
793 922 875 985 Med.
903 924 979 1000 591,
1005 921 1056 984 ubi
1082 929 1182 986 tamen
1201 923 1274 985 satis
1291 944 1361 985 eon·

270 1045 331 1098 stat
363 1037 407 1120 (ού
431 1042 515 1100 τοῦτο
538 1039 580 1120 ν’)
611 1032 723 1116 εἶχεν
754 1043 835 1099 reete
866 1036 902 1098 in'
930 1033 1063 1114 εἶργεν
1087 1043 1258 1099 correctum
1284 1058 1360 1100 esse.

271 1149 399 1232 11116116
423 1150 579 1225 omittam,
607 1148 695 1233 plane
719 1147 848 1232 gemella
872 1157 1027 1214 struetura
1050 1157 1095 1212 est
1111 1148 1219 1213 Troad.
1239 1153 1302 1212 558
1317 1171 1360 1231 sq.

271 1288 325 1327 νιν
348 1300 392 1311 -
415 1264 453 1334 εἰς
477 1259 567 1326 οἶκτον
591 1259 673 1334 ἦλθες
694 1263 750 1347 (Ξ
766 1263 939 1343 οἰκτείρεις),
960 1261 1011 1326 ubi
1028 1263 1139 1326 iterum
1157 1262 1254 1327 haesit
1271 1262 1357 1326 Mad-

274 1377 330 1460 vig.
364 1375 410 1439 Cf.
436 1375 537 1440 Orest.
563 1379 658 1441 1069.

319 1493 392 1555 575.
423 1491 563 1565 οὶλνρπεί
570 1513 623 1554 αν.
659 1488 824 1574 Reporrunt
851 1512 897 1553 vv.
924 1487 974 1552 dd.
999 1486 1138 1569 λατρείαν
1163 1488 1210 1551 vel
1234 1488 1360 1562 ύνρτεύαν.

274 1603 332 1666 Sed
358 1584 418 1666 rron
444 1603 627 1666 movendum
652 1603 803 1677 οὶλνρπεύαν.
829 1602 908 1666 Vide
933 1605 974 1666 53
992 1611 1022 1665 et
1044 1605 1136 1666 1089.
1162 1602 1286 1664 Musee.
1311 1601 1362 1663 Vi·

275 1717 382 1780 deatur
413 1738 537 1801 quoque
570 1716 638 1780 Hel.
671 1719 744 1780 934.
785 1714 841 1778 Est
867 1717 1168 1799 vitavegeeius
1192 1715 1363 1798 quinon

275 1830 396 1896 hahet-
420 1839 590 1916 penates
615 1853 719 1893 snos.
743 1827 789 1893 Of.
808 1832 989 1914 supre315.
1014 1827 1363 1906 Breviorelormedtn,

277 1946 358 2009 unde
381 1946 530 2025 οὶλῖοούαι,
556 1953 660 2007 noster
683 1943 776 2006 hebet
800 1941 882 2006 Med.
910 1946 1011 2018 1985,
1032 1940 1132 2006 Orest.
1152 1945 1202 2008 56.
1227 1941 1364 2006 Eandem

273 2081 374 2144 ¹nuper
394 2058 514 2121 restitui
539 2059 569 2121 in
595 2058 784 2142 Anthologia
800 2056 940 2121 Palatina
956 2056 994 2133 V,
1013 2060 1045 2134 9,
1062 2061 1081 2121 3
1099 2057 1248 2123 Mnemos.
1267 2061 1365 2141 1874,

277 2195 346 2256 pag.
380 2174 444 2235 303
462 2193 506 2254 sq.
543 2171 601 2235 Pro
628 2173 759 2235 οὶλοῖούαι
784 2192 846 2234 non
868 2193 936 2235 raro
961 2170 1088 2255 ponitur
1110 2172 1254 2248 οῖλαύνειν,
1283 2170 1366 2254 quod

280 2285 358 2348 male
389 2285 503 2368 legitur
533 2283 633 2348 Orest.
666 2286 727 2347 531
753 2293 783 2348 et
806 2284 878 2369 Iph.
901 2284 936 2348 Τ.
963 2288 1042 2364 984,
1068 2283 1121 2348 ubi
1145 2285 1244 2350 ύλύειν
1268 2307 1366 2348 emen·

280 2397 415 2461 dandum
440 2419 505 2461 esse
529 2398 648 2461 ostendi
680 2400 847 2482 Verelaqen
870 2397 926 2475 IV,
952 2402 983 2474 9,
1008 2420 1036 2482 p.
1062 2400 1137 2462 903.

326 2513 399 2575 577.
424 2512 650 2593 κοινόφρων,
677 2534 864 2588 concors,
886 2511 1030 2593 ύμύφροιν,
1051 2512 1070 2578 i.
1087 2534 1112 2576 e.
1129 2511 1229 2576 ταύπύι
1250 2516 1367 2593 φρονῶν.

282 2626 351 2689 Vox
374 2636 491 2710 praeter
513 2627 543 2691 h.
566 2627 586 2692 l.
609 2627 702 2690 semel
725 2627 849 2712 legit-ur,
874 2625 943 2711 Iph.
969 2625 1003 2690 Τ.
1030 2627 1125 2690 1008.

331 2743 404 2807 578.
436 2741 496 2805 Pro
526 2739 718 2805 librariorum
751 2741 964 2826 supplemento
994 2740 1105 2820 παπρύς
1129 2738 1255 2805 conieci*
1267 2739 1368 2819 χθονός

290 2858 455 2941 Verrlayerr
479 2854 535 2931 IV,
563 2859 592 2930 9,
618 2878 645 2939 p.
674 2857 745 2933 178,
772 2853 827 2919 ubi
850 2854 957 2919 attuli:
983 2853 1049 2918 Ion.
1075 2855 1149 2933 660,
1175 2852 1215 2917 Η.
1239 2853 1274 2916 Il.
1293 2857 1368 2936 913,

212 2989 214 2993 ’
282 2972 396 3036 Phoen.
422 2975 473 3047 59,
500 2972 552 3045 73,
575 2971 626 3045 80,
652 2971 725 3046 591,
753 2972 826 3033 601.
1026 3037 1029 3042 ,

327 3084 431 3148 Simile
448 3084 695 3168 supplementum
721 3081 855 3167 perdidit
877 3082 984 3166 fragm.
1010 3084 1072 3144 93:

426 3197 510 3280 ,ἴστω
534 3201 561 3261 τ’
584 3196 684 3279 ύφριον
708 3197 743 3261 ὢν
767 3195 845 3268 ύοπις
871 3196 1076 3280 [ύνύρονπος]
1102 3196 1201 3274 γεγώς

442 3312 529 3388 δῆμον
552 3313 661 3376 κολούει
684 3313 835 3390 χρήμασιν
859 3310 1064 3391 γαυρούμενος.

286 3425 348 3489 Ubi
373 3425 431 3488 loei
455 3426 532 3488 ratio
556 3425 691 3502 ύλβιος
716 3424 842 3488 suadere
867 3424 996 3488 videtur.

332 3539 446 3602 Eodem
464 3540 572 3602 erroris
588 3561 697 3622 genere
715 3561 756 3601 vs.
776 3540 839 3602 649
858 3560 911 3622 pro
926 3537 1025 3614 λύγοις
1044 3535 1134 3599 codd.
1152 3535 1187 3600 P.
1205 3533 1240 3598 Ο.
1260 3532 1374 3597 hebent

286 3654 400 3733 φίλοις,
432 3664 462 3717 et
496 3645 580 3717 1456
611 3653 708 3732 νύχιος
740 3675 794 3738 pro
817 3653 890 3733 ζύιρρ.
921 3652 1036 3717 Phoen.
1062 3652 1136 3726 711,
1165 3648 1216 3712 ubi
1241 3647 1377 3711 Dindorl

287 3776 368 3832 reete
398 3769 517 3832 uncinis
548 3767 674 3831 inclusit
706 3789 747 3832 vs.
782 3769 861 3844 710,
894 3789 954 3829 non
979 3787 1049 3830 cum
1072 3764 1128 3827 illo
1153 3785 1207 3849 pro
1232 3764 1375 3843 Ἀργεῖον

289 3882 412 3963 σπραπύν
429 3883 608 3946 coniecerim
625 3882 763 3963 Ἀργείοις
781 3880 885 3955 πύλιν,
903 3880 971 3958 sed,
991 3880 1064 3962 quia
1080 3862 1126 3942 νε.
1142 3878 1262 3942 obiecto
1275 3899 1376 3940 cerere

292 4018 352 4059 non
386 4004 503 4080 potest,
527 3996 653 4074 πύργους
677 4018 732 4079 pro
756 3995 869 4070 ύπλοις,
893 3993 976 4079 quod
1002 4016 1020 4056 e
1042 3990 1177 4056 librariis
1201 3990 1278 4055 male
1302 4011 1376 4074 sup-

292 4110 408 4195 pletum
433 4109 623 4173 crediderim.

339 4227 415 4288 579.
446 4223 605 4304 ύύπερον
635 4230 749 4288 νοσῶν
777 4223 891 4288 δυοῖν.
934 4221 1082 4286 Similiter
1109 4201 1262 4285 ¹vocabulo
1285 4221 1377 4282 inter-

292 4341 394 4427 posito
429 4339 575 4404 Androm.
608 4339 671 4401 383
711 4338 814 4403 δυοῖν
844 4337 962 4417 ἀνάγκη
998 4336 1142 4418 ύατέρῳ
1176 4340 1272 4398 λιπεῖν
1303 4332 1376 4412 βίον.
