3112 4914
621 403 874 449 columnarum.
1228 389 1290 452 107

203 604 270 674 τοὺς
300 612 547 683 κρατοῦντας
580 606 668 676 θεούς.
715 604 762 669 Gi,
796 605 874 667 infra
906 607 980 668 439.
1024 603 1123 667 Iidem
1157 601 1291 666 subinde

203 717 351 781 dicuntur
380 721 405 782 cl
436 721 605 797 κρείσσανες.
638 718 685 783 Cf.
712 717 815 781 Orest.
841 720 922 794 769,
946 718 1059 781 Aescb.
1082 717 1120 780 fr.
1143 721 1178 793 7,
1203 716 1293 780 Plato

203 833 298 917 Soph.
322 858 350 916 p.
375 838 440 898 216
457 835 500 911 Β,
525 835 605 898 infra
629 838 705 899 973.

250 952 325 1012 255.
349 947 436 1010 Libri
459 950 636 1025 νὶνερεύννπα
657 957 765 1012 contra
788 957 930 1012 metrum.
966 947 1077 1031 Recepi
1102 945 1291 1032 probabilem

204 1061 337 1126 Nanckii
371 1062 631 1140 emendationem,
665 1063 716 1126 cui
747 1084 808 1124 non
841 1060 944 1125 obstat
973 1062 1182 1140 ἄνερμῆνεννος
1216 1059 1290 1124 alibi

204 1176 286 1259 apud
310 1177 443 1258 tragicos
467 1199 528 1240 non
551 1177 695 1260 reperiri,
724 1175 807 1260 quod
832 1175 913 1239 idem
937 1175 1019 1238 valet
1041 1174 1079 1237 dc
1093 1175 1289 1254 ἀνερεύνητα.

203 1291 261 1353 Sed
282 1293 478 1374 reperiuntur
492 1294 644 1371 ἑρμηνεύς,
661 1291 832 1371 ἑρμηνεύειν,
847 1292 1025 1370 ἑρμῆνευμα.
1050 1289 1172 1353 Neutra
1185 1297 1290 1353 autcrn

204 1405 317 1469 Plural
340 1406 560 1470 adiectirorum
584 1405 800 1470 adverbialiter
823 1406 897 1490 poni
920 1404 1018 1468 solere
1042 1427 1060 1466 a
1082 1405 1180 1488 poetis
1202 1406 1292 1487 pue-ri

203 1529 329 1583 norunt.
353 1559 398 1568 —
420 1521 613 1597 δνσδυμεῑ
632 1521 729 1583 forma
752 1519 869 1594 media,
894 1528 928 1582 ut
954 1517 1036 1581 Mod.
1056 1521 1110 1581 91.
1137 1517 1292 1582 Pedestris

203 1656 302 1697 sermo
324 1636 454 1718 requirit
478 1635 604 1697 formam
628 1635 775 1709 activam,
796 1643 832 1697 ut
854 1634 976 1708 ἀθυμεῖν
1000 1638 1047 1694 est
1069 1630 1153 1715 apud
1176 1653 1291 1696 omnes.

249 1751 324 1812 256.
345 1748 469 1824 οὐδέν,
486 1750 505 1812 i.
521 1771 548 1812 e.
565 1748 713 1824 οὐδαμῶς,
732 1748 905 1810 minime.
928 1744 1292 1809 (11.111111128811404,

203 1861 416 1946 Respondetnr
430 1861 468 1925 ad
485 1864 693 1945 quaestionem
710 1863 806 1938 Ionis,
820 1883 914 1946 quam
928 1869 997 1944 post
1010 1860 1094 1922 hunc
1107 1881 1151 1922 vs.
1165 1859 1290 1943 periisse

203 1976 355 2038 intellexit
378 2000 394 2038 e
418 1977 558 2059 neglecta
580 1977 799 2060 stichomytbia
822 1974 966 2038 Heiland.

249 2091 322 2151 256.
353 2091 505 2164 μεθῆκα
535 2089 651 2166 τόξα,
683 2111 817 2153 arcum
848 2086 1078 2152 emanibus
1101 2087 1289 2171 deposui.

203 2201 287 2264 Male
310 2203 460 2286 interpres
485 2201 669 2290 [Brodaeus]
693 2204 833 2266 remisi
862 2201 961 2287 [qnod
985 2203 1100 2266 Graece
1123 2201 1289 2265 dicendum

203 2315 303 2378 fuerat
323 2317 445 2399 ἀνῆκα]
470 2316 646 2400 Hesychius
668 2319 863 2392 μεθεῖναι·
883 2317 1015 2394 ἀφεῖναι,
1037 2319 1137 2380 ἐῶσαι.
1164 2315 1289 2378 Mosen.

203 2430 448 2493 institutam
473 2431 702 2493 orationem
726 2430 902 2515 persequi
925 2429 1078 2494 desino.
1103 2429 1290 2505 nanninus,

203 2545 259 2626 qui
281 2543 319 2605 ad
344 2545 552 2627 metaphoram
576 2543 791 2607 illustrandam
814 2543 904 2607 affert
919 2542 1030 2607 Aesob.
1055 2539 1290 2629 Snppl.[441]‚

205 2657 294 2721 Eum.
319 2661 401 2733 679,
428 2660 535 2741 Agam.
561 2661 643 2736 614,
671 2660 766 2732 1167,
789 2657 933 2722 Menand.
951 2659 1014 2742 [ap.
1029 2656 1115 2720 Stob.
1132 2654 1288 2731 XXXVI,

205 2773 265 2845 12,
297 2793 376 2854 quos
403 2779 505 2834 tamen
529 2794 634 2835 versus
658 2795 721 2835 non
746 2770 924 2847 Menandri,
950 2769 1003 2834 sed
1027 2770 1135 2853 tragici
1159 2769 1290 2832 alicuius

203 2908 269 2948 esse
300 2885 391 2948 hodie
422 2908 490 2948 vere
514 2888 671 2970 statuunt]
696 2894 728 2948 ct
750 2885 874 2949 Pindar.
900 2883 1031 2970 [01.11‚
1056 2887 1120 2946 450
1146 2893 1177 2946 et
1196 2882 1292 2961 XIII,

205 3003 269 3063 133
293 3009 324 3062 et
349 3001 456 3064 lsthm.
480 2997 517 3063 ll.
543 3002 610 3084 59].
653 2999 745 3063 Addo
768 2999 863 3085 Sopb.
887 3002 961 3063 Ant.
989 3001 1093 3074 1085,
1117 2996 1189 3062 Ilur.
1215 2996 1290 3061 Hec.

205 3116 287 3189 603,
310 3113 420 3177 Troad.
444 3118 518 3176 444.
542 3113 622 3176 Vide
645 3114 723 3177 infra
746 3113 785 3176 od
810 3116 907 3176 14111.

248 3232 322 3291 258.
345 3230 455 3292 ποίου
477 3230 626 3307 πατρός
650 3249 705 3312 pro
728 3229 814 3299 ποίας
838 3227 995 3305 πάτρας
1018 3233 1101 3288 certa
1124 3233 1170 3288 eet
1187 3223 1291 3287 Ludo·

204 3341 262 3403 vici
279 3342 431 3405 Diodorlii
448 3342 630 3405 emendatio.
656 3341 771 3405 Iladem
788 3339 935 3405 vocabula
950 3338 1079 3403 confusa
1093 3349 1167 3401 sunt
1183 3338 1289 3421 fragm.

204 3454 287 3526 926,
321 3455 358 3528 3,
392 3451 445 3515 ubi
476 3454 595 3514 inversa
624 3452 743 3515 ratione
774 3453 893 3531 πάτρας
925 3473 981 3535 pro
1011 3451 1123 3529 πατρός
1153 3450 1291 3513 restituit

204 3565 350 3629 Diintzer.
383 3565 489 3629 Simile
519 3566 586 3629 vitii
615 3588 730 3649 genus,
755 3567 816 3629 nisi
838 3566 938 3643 fallor,
962 3565 1137 3649 depravavit
1160 3566 1290 3649 impedi-

203 3680 356 3742 tissimum
380 3679 526 3743 Hecubae
549 3679 649 3743 locum
674 3702 718 3744 vs.
744 3682 845 3755 1011,
870 3678 926 3742 ubi
948 3700 1003 3762 pro
1026 3680 1148 3742 ἐκπεσεῖ
1166 3679 1289 3758 Φίλας

203 3794 366 3872 καρδίας
399 3816 460 3857 non
494 3793 604 3857 dubito
631 3795 707 3878 quin
732 3805 823 3877 poeta
846 3795 1001 3879 scripserit
1023 3795 1145 3858 ἐνπεσεῑ
1164 3793 1210 3872 <pl
1217 3808 1289 3857 λων

203 3908 374 3987 κερδέων.
404 3906 503 3970 Semel
527 3917 672 3992 corrupto
694 3908 855 3986 κερδέων
878 3915 1019 3969 secutum
1037 3928 1101 3969 esse
1116 3907 1212 3987 φίλων
1227 3929 1288 3969 non

204 4025 301 4107 magis
325 4024 516 4098 mirandum,
535 4045 626 4107 quam
642 4024 675 4085 in
692 4022 777 4086 Ionis
792 4021 878 4097 loco,
895 4042 992 4104 quum
1005 4019 1114 4098 πατρός
1127 4020 1159 4083 in
1172 4021 1289 4099 πάτρας

203 4137 346 4215 abiisset,
370 4159 407 4200 ex
429 4138 509 4200 ποίου
532 4136 672 4201 librarios
695 4137 801 4200 fecisse
824 4136 920 4204 ποίας.

251 4254 435 4316 268-271.
466 4252 592 4315 Inverso
623 4251 730 4319 ordine
758 4249 875 4317 creusa
897 4246 1063 4332 respondet
1087 4246 1124 4312 od
1149 4245 1288 4330 singula,

205 4386 281 4449 quac
305 4364 363 4429 Ion
387 4365 514 4448 rogavit,
