3112 4914
236 373 301 440 220
652 396 904 444 conuuurnarus.

235 589 351 655 Phoen.
366 591 439 667 791,
455 589 561 676 Suppl.
576 594 653 671 3903
671 591 780 657 Troad.
796 595 882 656 1184
894 592 1023 669 κοριρκοιίς
1035 592 1056 656 1.
1070 615 1139 657 cum
1154 591 1322 678 Narratio),

235 703 342 768 subest
365 705 469 780 notio,
494 706 633 789 quamvis
657 705 788 783 ironica,
809 705 918 769 turbae
939 706 1121 781 festivae,
1147 706 1322 770 comissa-

236 815 406 880 bundae.
442 816 653 902 Quapropter,
685 818 745 881 nisi
774 817 926 882 malumus
950 825 1057 901 putare
1082 817 1246 903 perfrigida
1269 818 1320 882 hic

235 937 356 1014 poetam
380 930 515 994 iocatum
538 952 620 1007 esse,
653 929 801 994 vocabulo
824 937 918 1008 κῶμος
942 953 1003 995 non
1029 931 1066 994 de
1092 931 1243 996 columbis
1267 931 1320 994 sed

235 1043 273 1106 de
304 1043 440 1108 convivis
471 1066 546 1108 usus
578 1067 643 1107 esse
675 1044 805 1110 ridetur.
836 1083 880 1094 -
915 1045 986 1125 Qua
1021 1047 1196 1111 coniectura
1227 1045 1320 1110 simul

235 1155 400 1223 liberamur
423 1158 600 1242 importuno
623 1160 683 1222 isto
706 1158 819 1242 δόμοις,
850 1161 881 1224 in
907 1183 969 1244 quo
992 1162 1051 1225 iam
1077 1162 1174 1225 haesit
1197 1160 1320 1225 Reiskc.

234 1276 360 1333 Πελειῶν
383 1276 487 1333 autem
510 1269 601 1350 λίχορ
624 1292 718 1353 aeque
742 1278 822 1334 recte
846 1271 961 1335 <licitur
984 1294 1018 1336 ao
1042 1271 1195 1350 ιτοιρίίνοον,
1219 1296 1321 1349 yacus·

234 1389 307 1458 κῶν,
333 1382 491 1447 similium.

283 1498 378 1560 1197.
415 1496 461 1560 De
492 1496 585 1560 sacris
617 1497 756 1581 Apollini
785 1497 938 1563 columbis
961 1499 1143 1564 consulatur
1168 1497 1321 1563 Diodorus

234 1609 323 1687 XVI,
349 1611 409 1675 27:
433 1610 519 1682 οίετίς
542 1612 602 1691 ylo
626 1612 855 1692 ὑπερπετόμενος
875 1613 924 1677 τὸν
944 1615 1009 1678 νεὼν
1028 1619 1079 1679 τοῦ
1099 1614 1160 1678 ίεοῦ
1181 1611 1230 1677 κκὶ
1247 1634 1322 1688 τυγ-

234 1723 375 1796 κνλιοίεὶρ
407 1724 455 1789 ἐπὶ
486 1727 538 1798 τὴν
568 1732 625 1803 γῆν
657 1725 714 1797 rate
746 1726 928 1808 τρεφομένας
951 1730 979 1792 ἐν
1002 1730 1042 1806 τῷ
1066 1728 1128 1808 ἱερῷ
1151 1727 1320 1805 τεριττερίιι

233 1838 360 1917 ἐθήρευεν
367 1887 377 1921 ,
401 1834 438 1903 ὧν
460 1839 537 1910 ἐνίοις
560 1839 615 1902 ἄντ’
638 1841 734 1903 οιύτῶν
757 1838 866 1920 ίίρτοιζε
889 1847 944 1904 τῶν
967 1841 1084 1918 βωμῶν.
1110 1839 1156 1904 Os.
1182 1840 1219 1903 ad
1247 1841 1319 1903 106.

283 1954 375 2017 1198.
410 1952 558 2016 Aelianus
594 1952 632 2017 H.
666 1954 702 2016 A.
736 1952 797 2030 III,
832 1956 888 2016 15:
922 1952 992 2018 ὅπου
1024 1954 1053 2017 δὲ
1084 1954 1248 2035 ὀρνιθοθῆραι
1275 1968 1320 2000 -“

233 2063 389 2146 ἄτρεστοι
412 2067 565 2130 ναίουσιν
588 2066 699 2143 οὐκέτι,
723 2063 768 2131 tta
787 2066 857 2131 είτοο
874 2067 907 2132 τί
925 2068 972 2131 ἐτ’
984 2069 1080 2132 οιύτῶν
1092 2067 1202 2132 ἐκείνων
1213 2067 1319 2147 λεχθὲν

233 2180 381 2261 Εὐριπίδῃ.
406 2218 450 2228 -
472 2181 667 2246 οίτέοτεισοιν.
702 2179 750 2244 Of.
782 2181 941 2264 Antiphon
965 2180 982 2243 Ι
1005 2183 1022 2265 t
1046 2184 1098 2245 20.
1134 2179 1226 2259 Quod
1251 2202 1319 2243 con·

234 2294 305 2358 iecit
337 2292 447 2358 Nauck
476 2294 659 2368 οίιτεοτείτίιρ
683 2294 710 2358 si
733 2294 765 2357 in
789 2292 892 2358 codice
917 2294 1021 2378 aliquo
1045 2303 1199 2378 repertum
1223 2293 1317 2369 foret,

238 2407 344 2490 procul
376 2406 471 2471 dubio
502 2408 581 2471 foret
603 2405 821 2492 recipiendum.
859 2407 917 2471 sed
942 2407 1014 2471 ferri
1037 2413 1264 2500 tamenpotest
1287 2406 1317 2469 in

235 2528 322 2583 tanta
354 2519 514 2585 verborum
546 2522 764 2606 perspicuitate
795 2520 926 2586 subiecti
958 2522 1105 2599 mutatio,
1139 2544 1218 2606 quae
1242 2521 1320 2585 Din-

234 2632 322 2696 dorfii
346 2655 469 2716 quoque
492 2643 537 2698 est
562 2634 722 2698 sententia.
748 2635 867 2699 Erravit
883 2645 964 2698 certe
979 2634 1131 2699 Matthiae
1148 2633 1185 2697 de
1202 2633 1318 2702 Reiskii

232 2746 410 2811 coniectura
440 2747 582 2812 lacunam
611 2727 843 2832 statuenspost
867 2749 950 2812 hunc
975 2770 1016 2812 vs.
1052 2747 1144 2812 Recte
1170 2768 1240 2810 vero
1263 2769 1318 2831 pro

231 2861 307 2937 κείς,
340 2861 423 2944 qnod
458 2860 588 2926 debetur
618 2860 744 2925 librario
768 2861 852 2925 illam
876 2860 1006 2925 subiecti
1029 2861 1231 2925 mutationem
1256 2882 1318 2924 non

232 2983 389 3051 assecuto,
415 2975 455 3046 είς
478 2974 633 3058 rescripsit
656 2973 768 3038 Heatb.

280 3090 374 3152 1200.
410 3087 528 3152 Inclusi
566 3095 601 3151 ut
636 3087 745 3150 veteris
780 3086 908 3150 lacunae
944 3086 1191 3170 supplementum
1226 3083 1317 3147 verba

231 3201 382 3281 εὐπτέρους
403 3203 432 3272 ἐς
456 3199 588 3280 οιύχένοιε
624 3203 788 3281 Veralopec
808 3199 867 3290 IV,
890 3204 909 3261 2
931 3222 958 3283 p.
982 3201 1043 3263 175
1061 3221 1120 3283 sq.‚
1137 3205 1209 3262 ‘tum
1234 3196 1317 3282 quod

231 3311 324 3378 ἕλκειν
347 3313 407 3378 iam
432 3336 485 3398 per
509 3336 540 3375 se
565 3312 602 3377 ab
623 3313 759 3396 antiquis
776 3335 830 3397 pro
846 3312 936 3377 τίνειν
951 3321 1132 3395 usurpetur,
1150 3320 1216 3373 tum
1234 3309 1318 3394 quod

231 3426 404 3490 inauditum
437 3414 478 3490 sit
510 3425 737 3510 antiquioribus
769 3427 868 3506 οιύχιίν
898 3448 950 3510 pro
975 3432 1100 3510 gutture
1124 3433 1317 3508 usurpatum.

231 3543 274 3605 At
307 3542 351 3604 ita
381 3539 517 3605 scribens
547 3541 705 3604 immemor
736 3540 782 3604 lui
814 3539 874 3603 loci
896 3538 1059 3623 Sophoclei
1082 3561 1129 3621 ap.
1156 3537 1267 3601 Athen.
1290 3536 1317 3613 I,

232 3675 260 3739 p.
279 3656 320 3716 23
338 3654 388 3739 (fr.
408 3656 505 3736 695):
530 3652 658 3733 Σοίτνρος
675 3654 756 3732 τοιρίι
770 3659 921 3732 Σοφοκλεῖ
933 3658 1017 3717 τοῦτο
1028 3660 1128 3734 <tuom
1145 3649 1318 3727 ,,εἰτικοιιο’·

231 3792 334 3844 μενος
358 3771 398 3848 τῷ
421 3770 563 3847 Ἡροικλεῖ
583 3766 762 3844 ἀνακειμένῳ
782 3765 869 3844 μέσον
885 3767 925 3836 είς
940 3765 988 3829 τὸν
1005 3765 1122 3845 κύχίνοι
1138 3763 1316 3840 είτκλοίρκκν.

232 3880 293 3943 Ρτο
324 3880 522 3956 εὀτικοιιίριενος
551 3879 629 3943 male
657 3878 836 3956 ἐπικείμενος
860 3878 1020 3962 reponenti
1044 3876 1201 3942 Ellleudtio
1225 3876 1316 3939 fidem

232 3993 341 4058 habere
366 3993 487 4057 videtur
511 3993 652 4057 Dindorf.
677 3992 773 4056 Nulla
797 3993 885 4056 litera
909 3990 1074 4067 movenda,
1099 3990 1152 4055 sed
1172 3991 1216 4053 ita
1232 3989 1317 4053 locus

232 4106 482 4189 distinguendus:
500 4104 631 4186 Σοίτνρος
644 4105 725 4186 trapa
737 4113 813 4188 Σοφ.
826 4131 855 4171 τ.
867 4112 902 4187 φ.
915 4102 1112 4182 ἕτικκιίριενος
1125 4104 1166 4181 τῷ
1178 4105 1321 4182 Ἡρακλεῖ

232 4221 266 4304 (i.
280 4242 305 4283 e.
325 4219 451 4284 Herculi
468 4222 663 4302 succensens)
675 4219 877 4297 ,,οἰνοικειριε’νῳ
890 4255 932 4266 -
944 4215 1145 4295 strateium?
1162 4215 1325 4279 Utinam

231 4335 274 4398 ait
296 4334 439 4420 Satyrus,
465 4332 639 4400 Herculi
664 4331 890 4397 accubanti
913 4333 947 4415 (i.
963 4354 987 4396 c.
1012 4330 1169 4414 coenanti)
1193 4331 1230 4392 in
1251 4351 1316 4393 me·
