3112 4914
204 396 214 417 ι
312 377 375 440 194
726 398 979 445 commaneamus.

306 597 512 673 terpretantur
534 574 743 656 thoracem
768 592 896 676 spiris
921 593 1088 676 viperae
1112 602 1317 659 armatum.
1354 599 1395 660 At

305 726 361 768 neo
396 704 564 782 περίβολος,
601 728 657 769 neo
691 704 850 784 περιβολή,
882 728 938 770 neo
961 705 1146 784 περιβόλαιον
1174 709 1217 771 sio
1245 719 1393 794 usurpata

304 819 507 903 reperiuntur.
531 820 631 884 Aliam
657 822 937 905 interpretationem
961 821 1071 886 suadet
1095 845 1137 890 vs.
1165 827 1250 887 1423
1274 849 1394 905 κεκρο-

303 933 502 999 σπέδωτοιι
531 914 711 1014 δ’έφεσιν
743 937 900 1013 αἰγίδος
930 936 1091 1017 τρόπον,
1125 939 1206 1002 unde
1230 941 1392 1025 suspiceris

303 1047 454 1126 περίβολος
477 1070 541 1111 esse
565 1058 727 1133 septum
751 1049 803 1134 (of.
828 1049 897 1115 Hel.
923 1052 1033 1135 1530).
1066 1054 1108 1115 At
1123 1053 1168 1116 ita
1183 1055 1388 1118 necessarium

302 1160 381 1223 foret
403 1162 577 1241 ἐχιδνῶν.
602 1163 652 1226 An
677 1171 796 1226 servato
820 1163 935 1243 ἕχιῒννς
961 1165 1010 1244 (=
1032 1164 1201 1250 Gorgonis)
1224 1166 1385 1246 περιβόλοις

301 1272 495 1357 interpretari
525 1274 596 1337 licet
628 1275 715 1358 qnasi
748 1273 960 1359 περιβολοιέοιο,
993 1277 1198 1361 metaphorice
1226 1277 1308 1342 dioto
1336 1299 1390 1362 pro

301 1385 387 1467 δέρει,
412 1394 562 1468 utsupra
586 1389 674 1451 995?
711 1390 753 1451 nt
776 1388 835 1452 hoe
859 1387 977 1466 obstat,
1004 1389 1087 1472 qnod
1111 1391 1155 1454 ita
1176 1389 1291 1454 dieitur
1306 1391 1385 1454 nihil

301 1500 382 1563 novi.
417 1497 488 1578 Quo
512 1500 607 1583 igitur
631 1522 679 1563 me
697 1508 811 1564 vertam
828 1503 931 1565 neseio
946 1503 978 1566 in
995 1502 1222 1588 interpretanda
1238 1503 1385 1568 librorum

300 1611 439 1689 lectione,
451 1634 506 1675 neo
520 1612 671 1696 probabili
689 1615 862 1678 coniectura
874 1615 1087 1681 difficultatem
1100 1616 1241 1701 expedire
1254 1639 1386 1702 possum.

302 1722 442 1787 Fortasse
473 1724 528 1787 hos
561 1747 636 1801 vss,
670 1744 748 1808 quos
772 1726 834 1789 huo
856 1728 1046 1812 transposuit
1069 1726 1248 1807 Kirohhoff,
1272 1728 1385 1792 sciolus

300 1859 317 1899 a
347 1859 379 1900 se
410 1837 495 1900 fictos
518 1839 643 1902 invexit.
681 1837 731 1902 Ita
754 1839 845 1903 simui
869 1839 1067 1904 liberaremur
1088 1863 1196 1924 parum
1221 1848 1293 1924 apta
1315 1840 1388 1904 Pae·

300 1950 411 2034 dagogi
446 1952 640 2036 quaestione,
679 1953 731 2036 qui
763 1953 894 2017 Athenis
926 1953 1030 2017 vivens
1061 1954 1143 2037 aegis
1176 1953 1276 2036 qualis
1308 1960 1387 2016 esset

299 2065 438 2149 ignorare
460 2087 522 2128 non
547 2065 659 2149 potnit.

344 2181 418 2243 999.
441 2175 509 2243 οἷσθ’
533 2179 549 2253 ἢ
573 2180 603 2242 οὐ
629 2178 711 2241 edidi
736 2201 805 2242 eum
830 2177 971 2243 Nauokio
995 2188 1026 2242 et
1048 2178 1216 2244 Badhamo.
1252 2179 1387 2244 Diodori

298 2293 330 2354 in
368 2292 461 2357 Adn.
496 2291 619 2356 Oxou.
655 2293 792 2357 restitnit
825 2290 940 2369 οἷσέοις,
976 2293 1013 2356 de
1045 2314 1107 2377 qno
1138 2315 1206 2357 vere
1229 2294 1384 2378 praecepit

299 2404 429 2470 Photius
452 2402 576 2471 οἷσέοι·
600 2407 664 2470 atari
688 2413 739 2471 τοῦ
761 2403 856 2478 oddae·
879 2407 1002 2482 λέγετον
1024 2407 1054 2470 δέ
1077 2406 1167 2486 χωρὶς
1186 2412 1237 2472 τοῦ
1253 2432 1281 2488 σ,
1302 2408 1385 2484 μετοὶ

297 2518 327 2582 δὲ
345 2525 396 2584 τοῦ
417 2545 436 2583 ο
455 2543 527 2584 ποτε
547 2520 563 2596 ἢ
583 2521 631 2584 διὰ
649 2520 683 2584 τὸ
702 2519 804 2597 μέτρον
825 2520 841 2595 ἢ
861 2519 908 2584 aa
927 2519 960 2585 τὸ
979 2522 1021 2596 μέν
1039 2525 1215 2598 συγκροῦσαι
1227 2520 1381 2600 Φωνήεντα

298 2640 368 2696 cett.
404 2632 450 2696 De
480 2633 537 2697 hae
566 2633 679 2707 forma,
712 2654 803 2716 quam
827 2654 889 2696 non
913 2655 1025 2696 meram
1049 2630 1219 2696 barbariem
1244 2631 1380 2696 Badbam

299 2767 404 2809 vocare
429 2745 591 2824 debuerat,
615 2747 652 2809 of.
669 2744 780 2809 Nauck
795 2749 905 2830 Eura'p.
926 2746 1050 2810 Studien
1065 2743 1110 2822 ΙΙ,
1129 2769 1159 2830 p.
1177 2748 1227 2810 81.
1251 2745 1382 2810 Photius

298 2882 353 2923 sua
384 2859 514 2924 habete
545 2859 697 2943 locuplete
729 2867 853 2923 auctore
878 2858 965 2922 Aelio
992 2858 1139 2942 Dionysio
1163 2881 1211 2943 ap.
1237 2857 1380 2922 Eustath.

297 2996 326 3057 p.
352 2975 448 3048 1773,
472 2975 523 3037 20.
554 2971 599 3036 cf.
624 2971 729 3035 Naber
750 2971 788 3034 ad
812 2970 901 3036 Pbot.
926 3008 969 3021 -
993 2973 1031 3036 τέ
1053 2972 1078 3036 δ’
1101 2974 1140 3036 οὐ
1163 2970 1328 3054 μέλλεις;
1347 2979 1382 3035 ut

295 3087 473 3151 vernaculos
490 3108 627 3149 sermone
643 3086 674 3148 in
693 3085 745 3149 tali
761 3087 914 3150 sententia
927 3085 1060 3149 'dicimus
1075 3089 1130 3150 Ιιοο
1144 3087 1231 3150 zoodt
1241 3107 1281 3168 pa
1295 3085 1381 3149 nz'et?
1401 3071 1402 3074 Ἴ

295 3202 349 3286 qui
372 3223 447 3264 usus
464 3201 496 3263 in
514 3199 644 3282 pedestri
661 3220 798 3263 sermone
814 3199 1013 3284 frequentior,
1030 3220 1120 3281 qnam
1137 3197 1219 3281 apud
1237 3197 1379 3281 tragicos.

295 3313 389 3398 Sopb.
417 3314 487 3376 ane.
511 3316 575 3374 448
601 3312 670 3394 ἤδη·
695 3312 731 3375 τέ
753 3311 778 3374 δ’
800 3313 866 3376 οὐκ
889 3311 1063 3388 έμελλον;
1088 3311 1209 3392 έμφοινῆ
1232 3310 1291 3388 γὰρ
1315 3307 1356 3384 ἦν.

343 3429 437 3488 1909.
469 3425 616 3502 μέλλον
646 3461 689 3472 -
716 3426 806 3495 ἔπος
838 3423 1012 3500 tardum,
1043 3420 1378 3486 cunctabundum

294 3538 467 3603 verbum.
493 3537 591 3600 Credo
615 3537 809 3601 scribendum
833 3537 952 3614 μέλλεις
975 3535 1034 3617 γοέρ
1057 3561 1085 3600 τι
1110 3535 1278 3617 προσφέρειν
1301 3535 1378 3608 έπος.

293 3652 428 3716 Bassus
462 3651 568 3714 Malim
594 3673 684 3714 sensu
709 3672 770 3714 non
795 3649 959 3714 admodum
984 3649 1104 3712 diverso
1127 3650 1286 3732 μιλλέν,
1312 3649 1332 3712 i.
1351 3671 1376 3712 e.

291 3768 462 3832 tardum.
494 3765 625 3849 Hesyoh.
648 3766 809 3841 μιλλές,
834 3761 955 3844 βροιδύς.
980 3762 1105 3828 Moser.
1134 3761 1167 3826 Si
1184 3761 1273 3825 lectio
1290 3784 1377 3839 sana,

291 3880 513 3947 existimandus
546 3887 593 3942 est
622 3878 835 3963 paedagogus,
861 3898 963 3941 morae
986 3876 1165 3960 impatiens,
1190 3897 1291 3940 seeum
1315 3897 1376 3939 non

289 4007 431 4082 reputare
463 3995 512 4057 vix
545 3994 636 4057 citius
667 3993 805 4078 potuisse
837 4014 898 4055 rem
931 3990 1095 4074 significari
1124 4013 1141 4053 a
1168 3988 1298 4072 Greiisa3
1328 3989 1376 4054 sin

289 4111 407 4187 minus,
433 4110 560 4173 fortasse
585 4114 690 4190 poetae
714 4128 823 4170 manus
847 4105 920 4169 baec
943 4105 1020 4168 fnit:
1044 4106 1075 4169 τέ
1096 4103 1206 4184 χρῆμ’;
1232 4102 1376 4176 ἄδηλον

288 4227 325 4310 (a
358 4223 523 4306 ἄσημον)
555 4244 587 4298 γ.
617 4246 646 4285 π.
675 4244 721 4299 πρ.
746 4219 831 4296 ἔπος;
856 4216 1072 4302 quidnam?
1095 4239 1171 4281 non
1197 4217 1297 4280 enim
1322 4217 1376 4280 in·

286 4337 443 4422 tellego
480 4334 580 4419 quid
617 4334 739 4397 dicas.
777 4332 869 4417 Hipp.
894 4335 958 4396 346
982 4331 1225 4410 οὐμοέντιςεῖμι
1251 4333 1375 4412 τοὶφσονῆ
