3112 4914
613 397 863 444 conuunraarus.
1237 379 1279 443 89

197 593 261 656 cbis
295 593 468 655 ato-881
494 615 536 648 ::
562 594 747 656 896-901.
785 592 989 656 Probabiliter
1012 611 1140 668 cunisr,
1169 593 1284 656 Metrilc

196 710 250 770 der
284 708 340 770 Gr.
370 729 399 770 ον.
431 707 472 771 R.
504 729 532 788 p.
565 709 605 768 85
632 706 681 770 hic
705 708 815 770 statuit
838 706 985 771 molossos
1010 706 1283 790 extensipcdes

198 830 227 883 et
252 821 376 905 quidem
400 821 635 897 δωδεκοοοήμοος,
660 821 699 885 cl.
724 821 860 885 Aristide
884 845 912 906 p.
937 823 990 884 98.

243 938 316 998 130.
341 941 514 1009 μκνπεῖον
538 932 642 1012 ἕδροον
665 934 781 998 dictum
806 943 841 997 ut
860 935 945 1005 θῶκος
960 941 1097 1011 μκνπεῖος
1115 955 1131 995 a
1148 931 1281 996 Pindaro

197 1047 287 1132 Pyth.
313 1046 369 1124 xl,
396 1051 444 1111 ll.
479 1046 525 1111 Cf.
549 1047 641 1131 Sopb.
664 1045 702 1110 Ο.
727 1046 762 1113 R.
788 1050 848 1124 20,
874 1047 946 1110 Ilur.
971 1045 1024 1111 Or.
1053 1045 1281 1123 lacunosa
1359 1088 1366 1098 ›

198 1166 272 1227 454.
295 1162 364 1247 Iph.
385 1162 420 1224 Τ.
442 1164 534 1224 lact.
551 1161 661 1226 Forma
677 1170 723 1224 est
739 1161 857 1245 poetica
874 1159 1092 1244 proaertreda
1110 1163 1284 1241 Marouion

198 1286 244 1339 est
267 1277 452 1359 sequiorum.

244 1377 318 1454 133.
344 1390 387 1452 Ut
411 1396 536 1472 apparet
560 1410 596 1451 cx
621 1391 703 1461 116,
726 1390 841 1469 θεοῖσιν,
868 1387 951 1472 quod
975 1388 1006 1450 in
1031 1387 1117 1451 libris
1133 1395 1192 1465 est,
1212 1389 1285 1453 facit

199 1503 378 1587 spondeum.
413 1501 559 1585 Suspicor
582 1509 683 1563 tamen
708 1522 772 1563 esse
795 1499 946 1582 glossema
968 1500 1039 1563 olim
1061 1500 1285 1586 adscriptuma

200 1616 369 1699 magistello
393 1615 430 1678 ad
453 1614 627 1690 οὶθοονοὶπονς;
653 1636 721 1677 nam
746 1625 865 1697 poetam
888 1637 950 1678 uon
966 1636 1098 1698 agnosco
1115 1616 1147 1679 in
1163 1616 1285 1701 laugui-

199 1728 323 1792 dissima
346 1729 513 1791 sententia:
540 1727 712 1812 praeclarus
737 1727 811 1790 mihi
834 1727 920 1791 labor
943 1727 1026 1791 diis
1051 1729 1179 1805 servire,
1205 1752 1283 1793 nou
1388 1719 1391 1722 ¹

200 1840 435 1919 mortalibus,
457 1841 520 1904 sed
537 1841 827 1919 immortalibus,
844 1842 932 1926 quasi
949 1843 1111 1926 quisquam
1125 1842 1284 1906 docendus

201 1957 240 2019 sit
264 1979 325 2019 nou
349 1956 492 2018 mortales
517 1977 581 2018 esse
598 1955 684 2031 daos,
702 1955 754 2018 sed
775 1954 971 2018 immortales.
996 1954 1095 2018 Nemo
1116 1978 1208 2019 sanus
1229 1957 1285 2020 im-

200 2068 342 2153 probabit
367 2091 414 2130 me
437 2090 492 2151 pro
516 2067 697 2151 glossemate
714 2068 910 2133 substituisse
926 2070 1057 2149 θνοοπῷ,
1074 2092 1136 2153 quo
1153 2070 1285 2133 admisso

200 2183 349 2265 egregiam
383 2181 589 2244 nanciscimur
618 2181 798 2245 sententiam
832 2181 1066 2264 praeclarum
1101 2205 1189 2246 vero
1217 2184 1285 2247 hoc

200 2297 291 2359 mihi
308 2296 501 2378 negotium
519 2294 688 2358 mortali:
706 2316 778 2357 non
795 2293 1022 2358 mortalibus
1043 2296 1202 2371 servire,
1220 2296 1285 2359 sed

199 2407 492 2473 immortalibus.
528 2406 608 2470 Vide
640 2410 804 2491 Verslopeu
828 2406 884 2483 IV,
912 2411 942 2484 2,
969 2413 1041 2472 182.

250 2523 321 2583 134.
353 2519 477 2582 Correui
509 2519 663 2583 soloecum
694 2520 854 2597 μοχθεῖν.
895 2517 976 2582 Nam
1000 2519 1180 2596 ἀποκάμνειν
1203 2519 1285 2583 haud

202 2635 290 2697 aliter
313 2656 404 2716 quam
428 2635 553 2697 verbum
579 2633 708 2717 simplex
731 2633 922 2696 construitur
939 2653 1009 2695 cum
1027 2632 1092 2696 solo
1110 2633 1286 2717 Participio.

202 2746 249 2809 of.
273 2746 362 2809 Plato
386 2747 469 2810 Men.
496 2751 530 2810 81
555 2747 601 2823 D,
626 2745 718 2809 Polit.
745 2747 806 2808 att
826 2745 871 2822 B,
897 2745 985 2830 Epin.
1011 2748 1074 2811 979
1092 2752 1163 2811 cett.
1187 2745 1287 2810 Inter-

201 2860 323 2943 polatus
348 2869 393 2923 est
415 2860 501 2924 locus
526 2859 600 2924 orit.
626 2859 711 2922 45ss
734 2858 807 2923 ὥστε
831 2897 875 2908 -
894 2861 972 2936 μήτε
987 2866 1089 2923 rabac
1103 2859 1286 2937 Φοβοόμενος

201 2974 357 3055 alacastona
382 2972 499 3061 [uuarba
524 2976 643 3058 οῶοονο].
660 2973 706 3037 Of.
723 2974 799 3057 ch.
816 2973 869 3039 IV.
886 2997 915 3058 p.
932 2978 995 3038 435
1014 2974 1052 3050 D,
1074 2974 1158 3037 Prot.
1172 2978 1235 3038 333
1250 2975 1286 3052 B,

202 3086 286 3151 Orat.
320 3091 383 3150 438
409 3093 451 3164 A,
485 3088 577 3171 Gorg.
610 3092 670 3150 491
699 3088 741 3164 Β,
774 3088 868 3173 Soph.
893 3087 931 3152 Ο.
959 3087 992 3152 0.
1019 3090 1114 3153 1176.
1151 3087 1286 3153 Verbum

202 3201 381 3277 ἀποκάμνειν
398 3202 469 3265 alibi
486 3203 518 3264 in
535 3202 690 3286 tragoedia
703 3225 763 3265 non
778 3203 899 3285 legitur.
917 3200 964 3266 Of.
986 3205 1150 3286 Verstapen
1163 3201 1286 3267 ibidem.

253 3318 322 3378 136.
347 3315 393 3377 De
417 3316 592 3378 coniectura
616 3315 686 3379 dedi
710 3314 790 3379 κλύει
815 3337 869 3399 pro
894 3317 1009 3394 ποοτήρ,
1036 3316 1118 3399 quod
1145 3324 1191 3396 est
1207 3339 1289 3401 prae·

202 3426 296 3508 gressi
336 3423 520 3489 substantivi
558 3428 682 3508 γενὲπωρ
722 3426 882 3510 glossema.
936 3428 1097 3492 Sententia
1131 3430 1288 3514 postulat:

203 3539 346 3603 Phoebus
370 3541 446 3604 mihi
470 3552 555 3625 pater
579 3543 704 3618 audit,
730 3542 897 3619 dicitur,
926 3565 988 3606 non
1012 3553 1087 3618 est,
1112 3551 1148 3607 ut
1164 3553 1290 3628 apparet

204 3679 219 3718 e
243 3655 450 3738 sequentibus
475 3655 520 3720 Of.
552 3660 718 3740 Verulaycn
743 3657 761 3721 l.
780 3656 798 3720 l.

251 3769 435 3832 138-140,
462 3769 497 3832 In
524 3770 569 3832 his
594 3780 715 3853 poetam
738 3793 800 3833 non
825 3792 965 3853 agnosco.
989 3769 1068 3834 Nam
1086 3780 1117 3834 et
1133 3769 1290 3834 abundant

106 3965 110 3972 Ι
204 3898 275 3967 post
299 3906 339 3947 vs.
366 3887 426 3948 137
453 3892 483 3945 et
507 3884 594 3947 valde
618 3894 691 3947 sunt
715 3883 862 3957 humilia,
887 3906 925 3946 ue
950 3883 1025 3967 quid
1045 3884 1144 3947 dicam
1161 3883 1197 3946 de
1214 3884 1291 3947 mira

206 3999 365 4062 verborum
398 3999 626 4082 compositione.
671 3998 821 4061 Badhami
853 3999 1028 4060 coniectura
1056 4019 1127 4061 sua:
1150 3997 1199 4060 τὸν
1221 3996 1291 4072 βόσ-

204 4136 292 4176 κονπκ
326 4115 386 4191 γὰρ
420 4115 549 4188 εὐλογῶν
585 4113 633 4176 τὸν
664 4112 809 4191 ὠφέλιμον
841 4112 903 4184 ἐμοὶ
938 4114 1061 4189 πονπέρος
1091 4109 1181 4186 ὅνομοο
1210 4108 1290 4184 λέγω

205 4228 308 4304 Φοῖβον
332 4230 379 4292 τὸν
403 4228 484 4291 κοντοὶ
508 4227 574 4291 auda
597 4228 736 4310 reposuit
760 4227 943 4289 seutentiam
968 4223 1154 4308 pedestrem,
1179 4223 1291 4304 inqua

206 4363 267 4403 uon
301 4352 347 4404 est
379 4339 487 4404 umbra
519 4341 647 4425 poesios.
693 4340 880 4423 Magnopere
908 4359 1026 4413 vereor,
1057 4359 1094 4400 ne
1119 4337 1158 4398 sit
1182 4335 1291 4399 veteris
