3112 4914
270 398 332 462 138
686 417 938 462 counaaraaroa

266 612 348 688 μετὰ
379 610 509 676 τανοὶναν
542 613 591 677 τὸν
614 613 743 693 τρίποδα.
779 613 825 675 De
849 634 932 676 more
956 611 1063 675 choros
1087 612 1123 676 ad
1148 612 1263 696 templa
1287 612 1351 676 lon·

266 721 381 804 ginqua
413 721 553 785 mittendi
584 722 652 786 vide
680 722 798 787 Gallim.
824 724 856 786 iu
884 723 993 786 Delum
1020 727 1101 799 279,
1126 724 1231 807 ibique
1255 724 1349 808 Spau-

266 833 409 898 hemium.
428 834 549 899 Musca.
574 835 621 900 cf.
638 836 754 900 Phoen.
770 841 831 900 241
850 859 915 921 sqq.
930 837 989 918 (ed.
1003 836 1111 921 Pera).
1135 837 1350 901 Coniecturam

265 948 519 1028 τερνχορουοροένρ,
543 948 619 1013 falso
643 947 788 1013 tributam
814 949 979 1026 Wiselero,
1006 950 1124 1013 auctori
1148 972 1203 1012 suc
1228 950 1350 1014 reddidi

264 1060 296 1123 in
320 1061 391 1126 adn.
414 1063 480 1127 crit.
524 1063 569 1126 De
593 1065 717 1128 metrica
738 1063 863 1127 licentia
886 1064 979 1126 huius
1004 1087 1045 1128 vs.
1070 1065 1107 1128 cf.
1131 1064 1254 1141 Christ,
1278 1064 1346 1127 Me-

265 1175 344 1268 trik,
370 1198 403 1260 p.
424 1179 475 1242 88.

310 1293 384 1354 465.
415 1291 457 1355 οὺ
487 1291 546 1355 καὶ
579 1298 667 1363 ταῖς
697 1293 719 1357 οὶ
749 1294 973 1369 Λατογενής.
1017 1292 1154 1375 Utraque
1178 1292 1234 1355 dea
1258 1292 1350 1355 simul

264 1423 335 1465 cum
367 1403 513 1487 Apolline
543 1404 702 1469 invocatur
729 1405 811 1489 apud
835 1404 1016 1489 Sophoclem
1040 1405 1071 1466 in
1097 1404 1211 1487 paredo
1235 1405 1349 1489 Oedipi

264 1513 357 1598 Regis
384 1519 443 1579 151
463 1538 529 1600 sqq.

308 1632 495 1709 καθαροῖς
525 1629 800 1710 μαντεύμασι,
832 1633 851 1697 i.
876 1654 900 1696 e.
936 1631 1078 1707 claris,
1112 1631 1348 1716 perspicuis,

264 1744 441 1829 metaphora
464 1752 564 1809 sumta
586 1743 624 1808 ab
648 1766 728 1828 aqua
751 1769 828 1830 pura
852 1754 881 1810 et
905 1746 1049 1830 limpida,
1075 1768 1152 1830 quae
1172 1753 1218 1808 est
1237 1745 1350 1824 διαφα-

264 1858 321 1931 νής.
357 1857 471 1924 Contra
502 1859 649 1940 θολεροὶ
680 1861 793 1936 λόγον
825 1859 862 1924 ab
894 1859 1046 1942 Aeschylo
1078 1858 1178 1923 Prom.
1202 1861 1265 1921 885
1291 1858 1352 1921 ob·

265 1992 382 2035 scura
406 1971 528 2037 verba
552 1981 709 2038 vocantur.

309 2084 383 2148 474.
406 2067 594 2160 οὶκόνντον
617 2089 814 2168 ἀφορμήν,
839 2087 858 2150 i.
882 2110 907 2152 e.
930 2090 1059 2168 οὶοφαλῆ
1079 2087 1184 2166 ἀρχήν,
1197 2085 1349 2148 firmum

265 2197 520 2279 praesidium
554 2222 596 2263 ac
626 2200 944 2265 fundamentum.
981 2199 1151 2262 Heathius:
1182 2196 1350 2281 quibus-

264 2331 421 2392 cumque
456 2314 554 2376 enim
587 2313 731 2376 florida
766 2315 947 2378 iuventus
982 2313 1163 2395 frugibus
1196 2313 1349 2376 nutrita

264 2424 441 2508 splendet
463 2427 502 2490 in
525 2427 704 2491 thalamis
727 2429 908 2512 paternis,
930 2450 971 2490 ea
990 2449 1048 2489 res
1065 2425 1347 2489 fundamentum

265 2537 418 2623 praebet
449 2540 587 2605 stabile
619 2542 776 2606 eximiae
808 2542 1008 2605 felicitatis
1040 2539 1267 2603 mortalibus.
1306 2541 1349 2601 At

264 2652 323 2728 ita,
357 2652 482 2717 iubente
515 2665 596 2718 certa
627 2656 694 2740 lege
718 2656 881 2731 sermonis,
907 2652 999 2717 scribi
1022 2652 1131 2717 debuit
1154 2652 1347 2733 καρτότροφον

264 2766 559 2850 (προπαροξυτόνως),
593 2793 631 2833 ne
657 2792 780 2853 urgeam
805 2770 878 2832 satis
902 2767 1066 2831 ridiculum
1091 2789 1156 2829 esse
1180 2766 1347 2850 epitheton.

265 2879 480 2962 Hermaunus,
503 2883 623 2947 collatis
648 2906 717 2947 cum
742 2882 909 2947 Matthiaeo
933 2903 990 2944 vss.
1015 2883 1077 2943 481
1104 2901 1180 2964 sqq.,
1196 2879 1348 2943 intellexit

264 2994 414 3072 fructum,
447 2998 501 3080 qui
533 2998 564 3061 in
592 2998 738 3061 felicitate
761 2997 825 3060 illic
849 2996 1001 3079 descripto
1026 2996 1125 3079 posita
1149 3005 1202 3056 est.
1239 2991 1348 3056 Eidem

264 3114 365 3172 tamen
397 3110 512 3194 placuit
547 3111 713 3194 Musgravii
749 3109 923 3173 coniectura
953 3108 1150 3187 κουροτρόφον,
1183 3128 1244 3190 qua
1275 3103 1347 3180 ἥβαν

190 3226 192 3234 ’
264 3222 407 3288 dicantur
430 3248 646 3308 puerorum
675 3225 865 3297 altrices,
890 3244 1044 3306 quamque
1069 3221 1183 3303 recepit
1208 3217 1347 3281 Dindorf.

264 3337 345 3414 „Sed
369 3338 588 3416 νεανόδερῆβαν
611 3340 715 3404 τέκνων
739 3339 923 3422 periphrasis
948 3336 1031 3407 est‚'’
1058 3333 1150 3398 verba
1174 3341 1247 3396 sunt
1269 3330 1347 3394 Bad-

264 3450 363 3529 hami,
398 3475 475 3536 „pro
511 3454 585 3536 ipsis
620 3452 723 3517 liberis
755 3490 799 3500 -
830 3449 944 3535 quibus
978 3450 1156 3531 κουροτρόφον
1188 3449 1346 3532 epitheton

263 3566 396 3630 mimimo
432 3568 584 3631 convenit.
627 3566 789 3630 Leniorem
825 3565 1042 3629 correctionem
1076 3564 1207 3648 praetuli
1238 3588 1346 3644 καρτο-

262 3681 403 3760 τρόφονς.”
437 3664 537 3760 Quam
563 3682 627 3764 ipse
651 3702 686 3743 eo
710 3678 831 3743 facilius
855 3678 982 3754 admisi,
1009 3678 1091 3761 quod
1115 3677 1206 3754 mihi,
1226 3677 1344 3741 dudum

262 3798 426 3873 antequam
452 3791 601 3855 Badhami
625 3790 789 3853 editionem
813 3791 957 3872 cognovi,
983 3797 1018 3852 ut
1041 3788 1125 3870 coepi
1150 3787 1187 3850 de
1203 3788 1260 3850 boc
1276 3789 1343 3851 loco

262 3903 411 3987 cogitare,
437 3903 517 3966 idem
542 3903 678 3967 venitin
703 3913 845 3966 mentem.
868 3902 917 3965 Ita
942 3901 1034 3984 patrii
1056 3900 1182 3963 thalami
1198 3900 1344 3964 dicuntur

262 4017 439 4093 feraces,
472 4017 656 4090 fertiles,
691 4026 726 4079 ut
758 4017 911 4098 frequenti
935 4014 1113 4098 metaphora
1135 4010 1281 4076 vocabula
1305 4013 1342 4076 ad

261 4150 403 4212 agrorum
427 4129 578 4192 culturam
604 4130 791 4213 pertinentes
814 4127 969 4191 transferri
994 4127 1096 4190 solent
1118 4126 1155 4189 ad
1176 4123 1340 4189 liberorum

262 4242 510 4326 procreationem.
534 4279 578 4290 -
601 4241 743 4304 Ceterum
768 4241 804 4304 cf.
827 4238 885 4304 Od.
910 4265 924 4303 ν
948 4242 1034 4322 223,

307 4359 372 4421 478
396 4377 462 4440 sqq.
496 4355 683 4434 ,διαδέκτορα
718 4360 843 4419 τοιοῦτον
874 4377 936 4418 non
960 4353 1075 4436 accipio
1099 4374 1166 4415 cum
1193 4352 1341 4414 Barnesio
