3112 4914
290 355 352 421 186
703 380 956 425 conuaurrmus.

333 574 407 636 916.
431 572 596 649 γενέτοις
620 573 671 638 hic
695 589 725 637 et
749 596 796 658 ap.
820 573 912 660 Soph.
938 574 975 639 Ο.
996 574 1031 639 R.
1051 577 1133 651 470,
1156 573 1210 638 ubi
1234 576 1300 638 vide
1320 575 1372 639 ad·

287 696 406 762 notata,
433 681 585 770 significat
608 687 622 750 f
629 687 749 762 ilius,
767 687 841 751 alibi
858 697 981 773 paler.
1001 725 1046 737 —
1066 689 1193 762 οὶτενθής
1212 688 1373 753 Homerica

287 821 361 878 vor,
387 801 429 864 sic
454 810 600 887 usurpata
622 801 680 866 Od.
704 825 742 878 γ,
771 805 823 866 88.

331 917 406 980 917.
430 915 639 997 συλαθείς,
663 913 837 995 οἱρτκχδείς.

331 1030 406 1092 918.
439 1027 672 1104 ἕξοινιλοίξοις
702 1030 933 1109 στοὶογκνοι,
959 1030 1043 1115 qnod
1068 1031 1169 1095 estin
1195 1031 1296 1108 libris,
1323 1032 1370 1094 vix

286 1148 386 1223 potest
419 1140 598 1225 simpliciter
633 1141 802 1224 significare
836 1141 1003 1205 relictis
1039 1142 1205 1218 fasciis,
1243 1143 1296 1206 sed
1327 1143 1371 1206 ita

284 1255 417 1331 relictis,
455 1263 489 1319 ut
520 1255 605 1318 aliud
629 1277 684 1340 pro
707 1277 743 1318 eo
768 1254 984 1319 vestimentum
1008 1256 1165 1319 induatur.
1211 1256 1291 1319 Hinc
1315 1256 1371 1320 du-

285 1368 357 1431 dum
385 1369 562 1455 suspicabar
588 1369 714 1433 confusa
738 1390 803 1432 esse
828 1379 1062 1439 ΕΞΑΛΛΑΞΑΟ
1082 1378 1112 1434 el
1132 1379 1371 1449 ΕΞΑΙΜΑΞΑΟ,

284 1481 469 1560 ἐξκιμοὶξοος,
501 1484 595 1566 idque
626 1484 726 1567 ipsum
751 1506 834 1548 nunc
859 1484 946 1548 video
970 1485 1134 1548 coniecisse
1156 1484 1368 1568 Musgravium

284 1595 398 1659 iniuria
421 1604 556 1679 spretum
580 1619 597 1660 a
620 1596 742 1660 criticis.
781 1596 899 1660 Deinde
922 1596 1020 1661 eidem
1044 1597 1233 1661 et·Heathio
1255 1619 1368 1661 morem

284 1709 365 1792 gessi
388 1710 611 1793 corrigentibus
634 1716 726 1786 μισοῖ,
752 1709 834 1792 quod
860 1711 924 1795 ipse
948 1732 995 1772 me
1021 1710 1151 1793 primum
1175 1709 1286 1773 vidisse
1307 1710 1370 1796 opi·

285 1821 377 1886 nabar
400 1823 431 1886 in
455 1823 540 1887 siud.
564 1823 638 1887 θεοῖ.
663 1825 709 1886 od.
728 1844 762 1905 p.
785 1845 826 1886 cc.
852 1822 890 1887 G.
916 1844 982 1907 pag.
1000 1826 1051 1888 34.
1078 1822 1124 1887 cf.
1143 1823 1249 1908 llurip.
1271 1822 1370 1888 Orest.

286 1939 359 2013 130,
386 1939 459 2001 618.

329 2053 392 2114 920
418 2072 463 2134 sq.
499 2050 618 2134 Dignus
649 2050 784 2128 videtur,
817 2073 906 2134 quem
937 2050 1123 2128 adscribam,
1149 2051 1370 2136 pulcherrimus

283 2163 369 2228 locus
391 2188 438 2250 ap.
465 2164 553 2229 Hom.
578 2164 679 2248 hymn.
706 2165 806 2248 Apoll.
834 2167 894 2228 115
912 2186 957 2247 sq.

373 2275 434 2342 εὖτ’
457 2278 504 2341 ε’τὶ
529 2278 627 2351 Δήλου
650 2277 750 2356 ἕβοιινε
772 2277 949 2354 μογοστόκος
971 2278 1135 2352 allelluia,

373 2393 406 2465 δὴ
429 2393 496 2456 τότε
519 2393 571 2465 τὴν
594 2391 675 2462 τόκος
696 2387 774 2469 εἷλε,
795 2393 957 2470 μενοίνησεν
976 2392 1005 2455 δὲ
1025 2392 1176 2469 τεκὲοθοοι,

372 2504 455 2584 ἀμφὶ
478 2505 507 2568 δὲ
530 2505 634 2585 Φοίνικι
658 2504 739 2581 dalla
763 2506 880 2585 πήχεε,
905 2511 998 2581 γοῦνοι
1021 2502 1045 2569 δ’
1066 2505 1168 2584 ἔρεισεν

371 2624 488 2695 λειμῶνι
512 2621 660 2698 μοινιοοκῷ·
680 2619 799 2696 μεῶστε
822 2619 852 2682 δὲ
874 2621 941 2695 γαῖ’
960 2619 1114 2699 ὑπένερθεν.

284 2731 421 2817 cf.1ph.
446 2732 480 2797 T.
503 2753 566 2810 1111,
591 2732 668 2797 Hec.
693 2735 767 2797 457.

329 2849 403 2912 922.
428 2848 624 2913 Aietoios
647 2855 821 2926 κοντοῖς.
858 2845 959 2911 Verba
983 2846 1066 2910 haud
1091 2845 1183 2910 dubie
1207 2854 1368 2930 corrupta,
1422 2891 1425 2895 -

284 2961 335 3024 sed
368 2960 484 3044 absque
518 2961 678 3024 meliorum
711 2960 851 3024 codicum
885 2958 1023 3023 subsidio
1053 2959 1295 3024 emendationem
1321 2960 1370 3022 vix

284 3074 463 3158 sperandam
496 3084 582 3158 puto.
624 3073 748 3138 Hnuun.
793 3074 908 3137 Mirum
933 3081 978 3136 est
1003 3074 1085 3138 huuc
1109 3096 1152 3136 vs.
1178 3074 1248 3137 viris
1272 3073 1370 3136 doctis

283 3199 461 3272 corruptum
485 3189 585 3252 visum
610 3196 674 3263 est,
700 3196 734 3250 ut
759 3187 796 3251 de
816 3188 971 3253 δισσοῖσι
990 3185 1083 3274 [quod
1102 3209 1173 3250 sane
1190 3184 1368 3274 absurdum]

283 3302 461 3382 cogitarent.
509 3300 623 3364 Sensus
659 3310 705 3364 est
739 3300 807 3372 Διὸς
839 3302 1071 3379 ἕκκκρτονμένν,
1107 3309 1140 3362 ut
1171 3322 1262 3384 supra
1294 3303 1368 3363 829.

284 3414 453 3478 Heumann.
490 3415 579 3499 Ipsos
611 3413 741 3492 liberos,
774 3415 889 3499 quippe
920 3414 1055 3498 coniugii
1082 3413 1235 3488 fructum,
1261 3414 1370 3493 κοντόν

282 3528 343 3592 dici
376 3550 463 3612 posse
496 3527 659 3610 intellego,
691 3527 743 3590 sed
769 3526 923 3610 quomodo
948 3528 1048 3610 ipsum
1073 3525 1286 3590 commercium
1313 3527 1371 3590 hoc

282 3643 404 3706 nomine
429 3642 489 3705 dioi
510 3641 660 3726 potuerit,
677 3663 738 3705 non
754 3664 908 3728 assequor.
931 3640 1052 3705 Ferrum
1069 3642 1165 3725 igitur
1181 3647 1235 3704 aut
1251 3641 1372 3706 Aloecl

282 3782 322 3820 σε
345 3756 524 3835 λέκτροις
549 3777 619 3838 per
640 3740 946 3819 'matrimonium
971 3778 1054 3819 cum
1080 3754 1190 3829 Iove,
1216 3762 1270 3818 aul
1286 3761 1371 3819 Δῖον

281 3871 373 3945 σέγε
407 3868 575 3948 κοιρτόν,
614 3876 653 3932 le
688 3868 801 3932 lovis
840 3869 1003 3954 prolem.
1044 3867 1210 3933 Kirchhoff
1239 3868 1371 3932 coniecit

281 3983 403 4053 κοίτοις,
430 3981 513 4065 quod
539 3994 659 4066 praeter
683 3982 838 4046 leuitatem
863 3982 949 4046 nulla
970 4005 1002 4046 re
1018 3982 1224 4046 commendari
1241 3981 1370 4045 videtur.

281 4096 366 4159 Ferri
391 4071 519 4178 possetg
545 4096 571 4158 si
595 4117 693 4159 sermo
718 4103 796 4159 esset
820 4095 857 4158 de
880 4094 970 4159 Naxo
996 4095 1044 4178 (cf.
1069 4094 1177 4180 steph.
1202 4095 1274 4179 Byc.
1297 4095 1317 4159 i.
1342 4116 1368 4158 v.

282 4211 376 4294 Διόι),
401 4230 462 4272 non
488 4208 542 4272 ubi
566 4211 669 4294 agitur
691 4209 729 4272 de
754 4208 840 4274 Delo.
876 4208 1098 4272 Kirchhoffium
1124 4209 1252 4272 fortasse
1276 4208 1371 4271 movit

283 4326 445 4393 obscurum
471 4325 632 4411 Sophoclis
657 4325 861 4408 fragmentum
887 4346 922 4387 ex
947 4323 1023 4387 Ione
1046 4325 1126 4408 (298
1150 4326 1188 4405 Α)
1213 4345 1262 4407 ορ.
1286 4320 1370 4387 stob.
