<?xml version="1.0" encoding="UTF-8"?>
<!DOCTYPE html PUBLIC "-//W3C//DTD XHTML 1.0 Transitional//EN"
    "http://www.w3.org/TR/xhtml1/DTD/xhtml1-transitional.dtd">
<html xmlns="http://www.w3.org/1999/xhtml" xml:lang="en" lang="en">
 <head>
  <title>
</title>
<meta http-equiv="Content-Type" content="text/html;charset=utf-8" />
  <meta name='ocr-system' content='tesseract 3.04.00' />
  <meta name='ocr-capabilities' content='ocr_page ocr_carea ocr_par ocr_line ocrx_word'/>
</head>
<body>
  <div class='ocr_page' id='page_1' title='image "./in00herwgoog_0222.png"; bbox 0 0 3112 4914; ppageno 0'>
   <div class='ocr_carea' id='block_1_1' title="bbox 619 389 1283 454">
    <p class='ocr_par' dir='ltr' id='par_1_1' title="bbox 619 389 1283 454">
     <span class='ocr_line' id='line_1_1' title="bbox 619 389 1283 454; baseline 0 -2"><span class='ocrx_word' id='word_1_1' title='bbox 619 409 871 454; x_wconf 79' lang='lat' dir='ltr'>connnnrnnrus.</span> <span class='ocrx_word' id='word_1_2' title='bbox 1220 389 1283 454; x_wconf 82' lang='grc'>201</span> 
     </span>
    </p>
   </div>
   <div class='ocr_carea' id='block_1_2' title="bbox 203 600 1285 685">
    <p class='ocr_par' dir='ltr' id='par_1_2' title="bbox 203 600 1285 685">
     <span class='ocr_line' id='line_1_2' title="bbox 203 600 1285 685; baseline -0.001 -20"><span class='ocrx_word' id='word_1_3' title='bbox 203 602 241 665; x_wconf 90' lang='lat' dir='ltr'>ad</span> <span class='ocrx_word' id='word_1_4' title='bbox 276 605 375 667; x_wconf 89' lang='grc'><strong>1516.</strong></span> <span class='ocrx_word' id='word_1_5' title='bbox 406 639 449 652; x_wconf 93' lang='lat'><em>-</em></span> <span class='ocrx_word' id='word_1_6' title='bbox 478 605 645 682; x_wconf 66' lang='lat' dir='ltr'>derepente</span> <span class='ocrx_word' id='word_1_7' title='bbox 674 603 754 683; x_wconf 73' lang='grc' dir='ltr'><em>ονὶόνόρ</em></span> <span class='ocrx_word' id='word_1_8' title='bbox 781 610 861 667; x_wconf 91' lang='lat' dir='ltr'>reete</span> <span class='ocrx_word' id='word_1_9' title='bbox 884 601 1048 666; x_wconf 79' lang='lat' dir='ltr'><strong>Markland</strong></span> <span class='ocrx_word' id='word_1_10' title='bbox 1071 600 1223 685; x_wconf 79' lang='lat' dir='ltr'>intellegit</span> <span class='ocrx_word' id='word_1_11' title='bbox 1248 600 1285 664; x_wconf 90' lang='lat' dir='ltr'>de</span> 
     </span>
    </p>
   </div>
   <div class='ocr_carea' id='block_1_3' title="bbox 75 716 903 801">
    <p class='ocr_par' dir='ltr' id='par_1_3' title="bbox 75 716 903 801">
     <span class='ocr_line' id='line_1_3' title="bbox 75 716 903 801; baseline 0.004 -24"><span class='ocrx_word' id='word_1_12' title='bbox 75 735 94 745; x_wconf 59' lang='grc'><strong>“</strong></span> <span class='ocrx_word' id='word_1_13' title='bbox 204 716 351 793; x_wconf 90' lang='lat' dir='ltr'>astris,</span> <span class='ocrx_word' id='word_1_14' title='bbox 376 738 478 799; x_wconf 92' lang='lat' dir='ltr'>quae</span> <span class='ocrx_word' id='word_1_15' title='bbox 502 725 597 780; x_wconf 92' lang='lat' dir='ltr'>sunt</span> <span class='ocrx_word' id='word_1_16' title='bbox 621 716 660 779; x_wconf 92' lang='lat' dir='ltr'>in</span> <span class='ocrx_word' id='word_1_17' title='bbox 685 716 903 801; x_wconf 85' lang='lat' dir='ltr'>aetherel).</span> 
     </span>
    </p>
   </div>
   <div class='ocr_carea' id='block_1_4' title="bbox 202 813 1366 3634">
    <p class='ocr_par' dir='ltr' id='par_1_4' title="bbox 202 813 1287 2615">
     <span class='ocr_line' id='line_1_4' title="bbox 250 813 1285 913; baseline -0.001 -22"><span class='ocrx_word' id='word_1_18' title='bbox 250 832 335 892; x_wconf 93' lang='grc'><strong>1080</strong></span> <span class='ocrx_word' id='word_1_19' title='bbox 353 851 417 913; x_wconf 85' lang='lat' dir='ltr'>sqq.</span> <span class='ocrx_word' id='word_1_20' title='bbox 450 829 493 893; x_wconf 86' lang='lat' dir='ltr'>Ut</span> <span class='ocrx_word' id='word_1_21' title='bbox 516 830 589 893; x_wconf 88' lang='lat' dir='ltr'>haec</span> <span class='ocrx_word' id='word_1_22' title='bbox 612 851 695 893; x_wconf 90' lang='lat' dir='ltr'>nunc</span> <span class='ocrx_word' id='word_1_23' title='bbox 715 829 869 912; x_wconf 85' lang='lat' dir='ltr'>leguntur,</span> <span class='ocrx_word' id='word_1_24' title='bbox 885 829 997 909; x_wconf 80' lang='grc' dir='ltr'><em>χορεύει</em></span> <span class='ocrx_word' id='word_1_25' title='bbox 1014 837 1059 893; x_wconf 89' lang='grc'>661</span> <span class='ocrx_word' id='word_1_26' title='bbox 1075 813 1285 906; x_wconf 68' lang='lat' dir='ltr'><strong>transitivum,</strong></span> 
     </span>
     <span class='ocr_line' id='line_1_5' title="bbox 203 941 1284 1026; baseline -0.002 -20"><span class='ocrx_word' id='word_1_27' title='bbox 203 943 392 1025; x_wconf 85' lang='lat' dir='ltr'>iungendum</span> <span class='ocrx_word' id='word_1_28' title='bbox 417 965 485 1007; x_wconf 89' lang='lat' dir='ltr'>cum</span> <span class='ocrx_word' id='word_1_29' title='bbox 509 943 593 1022; x_wconf 85' lang='grc' dir='ltr'><em>κόριον</em></span> <span class='ocrx_word' id='word_1_30' title='bbox 616 953 646 1006; x_wconf 94' lang='grc'>61</span> <span class='ocrx_word' id='word_1_31' title='bbox 669 944 947 1025; x_wconf 63' lang='grc'><strong>6666108166.</strong></span> <span class='ocrx_word' id='word_1_32' title='bbox 980 941 1089 1026; x_wconf 80' lang='lat' dir='ltr'>Neque</span> <span class='ocrx_word' id='word_1_33' title='bbox 1106 965 1174 1006; x_wconf 89' lang='lat' dir='ltr'>eum</span> <span class='ocrx_word' id='word_1_34' title='bbox 1192 963 1284 1005; x_wconf 87' lang='lat' dir='ltr'>usum</span> 
     </span>
     <span class='ocr_line' id='line_1_6' title="bbox 203 1056 1285 1140; baseline -0.001 -22"><span class='ocrx_word' id='word_1_35' title='bbox 203 1077 326 1138; x_wconf 88' lang='lat' dir='ltr'>prorsus</span> <span class='ocrx_word' id='word_1_36' title='bbox 349 1056 507 1120; x_wconf 89' lang='lat' dir='ltr'>insolitum</span> <span class='ocrx_word' id='word_1_37' title='bbox 533 1079 597 1120; x_wconf 89' lang='grc'><strong>6666</strong></span> <span class='ocrx_word' id='word_1_38' title='bbox 621 1057 681 1119; x_wconf 92' lang='lat' dir='ltr'>iam</span> <span class='ocrx_word' id='word_1_39' title='bbox 704 1056 917 1120; x_wconf 89' lang='lat' dir='ltr'>animadvertit</span> <span class='ocrx_word' id='word_1_40' title='bbox 942 1056 1105 1140; x_wconf 81' lang='lat' dir='ltr'>Musgrave</span> <span class='ocrx_word' id='word_1_41' title='bbox 1129 1056 1285 1119; x_wconf 84' lang='lat' dir='ltr'>conserens</span> 
     </span>
     <span class='ocr_line' id='line_1_7' title="bbox 202 1167 1287 1252; baseline 0 -21"><span class='ocrx_word' id='word_1_42' title='bbox 202 1168 313 1232; x_wconf 88' lang='lat' dir='ltr'>Bacch.</span> <span class='ocrx_word' id='word_1_43' title='bbox 347 1173 428 1233; x_wconf 80' lang='lat'>1141</span> <span class='ocrx_word' id='word_1_44' title='bbox 465 1178 495 1233; x_wconf 93' lang='lat' dir='ltr'>et</span> <span class='ocrx_word' id='word_1_45' title='bbox 525 1169 617 1252; x_wconf 84' lang='lat' dir='ltr'>Soph.</span> <span class='ocrx_word' id='word_1_46' title='bbox 651 1171 724 1233; x_wconf 88' lang='lat' dir='ltr'>Ant.</span> <span class='ocrx_word' id='word_1_47' title='bbox 759 1171 855 1233; x_wconf 87' lang='grc'><strong>1168.</strong></span> <span class='ocrx_word' id='word_1_48' title='bbox 891 1169 950 1232; x_wconf 85' lang='lat' dir='ltr'>Sed</span> <span class='ocrx_word' id='word_1_49' title='bbox 984 1191 1052 1233; x_wconf 91' lang='lat' dir='ltr'>cum</span> <span class='ocrx_word' id='word_1_50' title='bbox 1085 1167 1204 1232; x_wconf 87' lang='lat' dir='ltr'>obiecta</span> <span class='ocrx_word' id='word_1_51' title='bbox 1227 1169 1287 1232; x_wconf 88' lang='lat' dir='ltr'>ista</span> 
     </span>
     <span class='ocr_line' id='line_1_8' title="bbox 203 1282 1285 1368; baseline 0 -23"><span class='ocrx_word' id='word_1_52' title='bbox 203 1283 292 1346; x_wconf 90' lang='lat' dir='ltr'>nimis</span> <span class='ocrx_word' id='word_1_53' title='bbox 315 1283 376 1347; x_wconf 86' lang='lat' dir='ltr'>fere</span> <span class='ocrx_word' id='word_1_54' title='bbox 399 1290 515 1346; x_wconf 90' lang='lat' dir='ltr'>remota</span> <span class='ocrx_word' id='word_1_55' title='bbox 538 1292 626 1361; x_wconf 90' lang='lat' dir='ltr'>unt,</span> <span class='ocrx_word' id='word_1_56' title='bbox 652 1292 718 1347; x_wconf 91' lang='lat' dir='ltr'>tum</span> <span class='ocrx_word' id='word_1_57' title='bbox 735 1283 930 1368; x_wconf 84' lang='lat' dir='ltr'>depravatum</span> <span class='ocrx_word' id='word_1_58' title='bbox 945 1285 1132 1364; x_wconf 83' lang='grc' dir='ltr'><em>χορευόμενοιι</em></span> <span class='ocrx_word' id='word_1_59' title='bbox 1148 1290 1179 1346; x_wconf 90' lang='grc'>61</span> <span class='ocrx_word' id='word_1_60' title='bbox 1195 1282 1285 1346; x_wconf 91' lang='lat' dir='ltr'>metri</span> 
     </span>
     <span class='ocr_line' id='line_1_9' title="bbox 202 1395 1285 1482; baseline 0.002 -23"><span class='ocrx_word' id='word_1_61' title='bbox 202 1397 379 1481; x_wconf 49' lang='lat' dir='ltr'>corruptela*</span> <span class='ocrx_word' id='word_1_62' title='bbox 403 1419 421 1459; x_wconf 92' lang='lat' dir='ltr'>a</span> <span class='ocrx_word' id='word_1_63' title='bbox 449 1395 555 1460; x_wconf 90' lang='lat' dir='ltr'>scribis</span> <span class='ocrx_word' id='word_1_64' title='bbox 579 1395 736 1461; x_wconf 87' lang='lat' dir='ltr'>turbatum</span> <span class='ocrx_word' id='word_1_65' title='bbox 760 1399 880 1461; x_wconf 84' lang='grc'><strong>666616</strong></span> <span class='ocrx_word' id='word_1_66' title='bbox 904 1419 969 1482; x_wconf 88' lang='lat' dir='ltr'>sqq.</span> <span class='ocrx_word' id='word_1_67' title='bbox 994 1397 1178 1460; x_wconf 88' lang='lat' dir='ltr'>documento</span> <span class='ocrx_word' id='word_1_68' title='bbox 1202 1403 1285 1461; x_wconf 86' lang='lat' dir='ltr'>sunt.</span> 
     </span>
     <span class='ocr_line' id='line_1_10' title="bbox 203 1509 1285 1594; baseline -0.001 -21"><span class='ocrx_word' id='word_1_69' title='bbox 203 1509 314 1573; x_wconf 87' lang='lat' dir='ltr'>Parum</span> <span class='ocrx_word' id='word_1_70' title='bbox 349 1510 500 1594; x_wconf 89' lang='lat' dir='ltr'>poeticum</span> <span class='ocrx_word' id='word_1_71' title='bbox 537 1518 582 1573; x_wconf 90' lang='lat' dir='ltr'>est</span> <span class='ocrx_word' id='word_1_72' title='bbox 616 1509 821 1574; x_wconf 87' lang='lat' dir='ltr'>substitutum</span> <span class='ocrx_word' id='word_1_73' title='bbox 853 1533 870 1573; x_wconf 90' lang='lat' dir='ltr'>a</span> <span class='ocrx_word' id='word_1_74' title='bbox 901 1510 1057 1574; x_wconf 90' lang='lat' dir='ltr'>Badhamo</span> <span class='ocrx_word' id='word_1_75' title='bbox 1081 1511 1285 1590; x_wconf 70' lang='grc' dir='ltr'>πορευόμεναι,</span> 
     </span>
     <span class='ocr_line' id='line_1_11' title="bbox 202 1622 1286 1707; baseline 0.001 -21"><span class='ocrx_word' id='word_1_76' title='bbox 202 1645 258 1687; x_wconf 88' lang='grc'>666</span> <span class='ocrx_word' id='word_1_77' title='bbox 281 1624 364 1707; x_wconf 94' lang='lat' dir='ltr'>quod</span> <span class='ocrx_word' id='word_1_78' title='bbox 387 1622 478 1706; x_wconf 85' lang='lat' dir='ltr'>longe</span> <span class='ocrx_word' id='word_1_79' title='bbox 502 1623 610 1687; x_wconf 86' lang='lat' dir='ltr'>melius</span> <span class='ocrx_word' id='word_1_80' title='bbox 635 1622 846 1707; x_wconf 89' lang='lat' dir='ltr'>suspicabatur</span> <span class='ocrx_word' id='word_1_81' title='bbox 869 1624 941 1687; x_wconf 92' lang='lat' dir='ltr'>olim</span> <span class='ocrx_word' id='word_1_82' title='bbox 967 1623 1101 1688; x_wconf 86' lang='lat' dir='ltr'>Dindorf</span> <span class='ocrx_word' id='word_1_83' title='bbox 1120 1624 1286 1698; x_wconf 77' lang='grc' dir='ltr'><em>εἱλισσόμε-</em></span> 
     </span>
     <span class='ocr_line' id='line_1_12' title="bbox 203 1736 1285 1822; baseline 0.001 -22"><span class='ocrx_word' id='word_1_84' title='bbox 203 1759 266 1811; x_wconf 90' lang='grc' dir='ltr'><em>νοιι,</em></span> <span class='ocrx_word' id='word_1_85' title='bbox 302 1736 389 1800; x_wconf 86' lang='grc'><strong>66166</strong></span> <span class='ocrx_word' id='word_1_86' title='bbox 420 1737 570 1822; x_wconf 83' lang='lat' dir='ltr'>glossema</span> <span class='ocrx_word' id='word_1_87' title='bbox 601 1737 642 1800; x_wconf 88' lang='lat' dir='ltr'>sit</span> <span class='ocrx_word' id='word_1_88' title='bbox 672 1737 875 1820; x_wconf 68' lang='grc' dir='ltr'><em>χορευόμεναι,</em></span> <span class='ocrx_word' id='word_1_89' title='bbox 909 1737 1009 1807; x_wconf 86' lang='lat' dir='ltr'>locum</span> <span class='ocrx_word' id='word_1_90' title='bbox 1042 1738 1114 1801; x_wconf 87' lang='lat' dir='ltr'>satis</span> <span class='ocrx_word' id='word_1_91' title='bbox 1153 1737 1285 1822; x_wconf 84' lang='lat' dir='ltr'>expedit.</span> 
     </span>
     <span class='ocr_line' id='line_1_13' title="bbox 203 1848 1286 1935; baseline 0.001 -22"><span class='ocrx_word' id='word_1_92' title='bbox 203 1848 396 1914; x_wconf 87' lang='lat' dir='ltr'>Probabilius</span> <span class='ocrx_word' id='word_1_93' title='bbox 428 1859 534 1934; x_wconf 90' lang='lat' dir='ltr'>postea</span> <span class='ocrx_word' id='word_1_94' title='bbox 563 1850 643 1913; x_wconf 89' lang='lat' dir='ltr'>idern</span> <span class='ocrx_word' id='word_1_95' title='bbox 669 1851 799 1915; x_wconf 88' lang='lat' dir='ltr'>coniecit</span> <span class='ocrx_word' id='word_1_96' title='bbox 821 1851 937 1927; x_wconf 75' lang='grc' dir='ltr'><em>σέβουσι</em></span> <span class='ocrx_word' id='word_1_97' title='bbox 960 1851 1073 1931; x_wconf 84' lang='grc' dir='ltr'><em>χόροις,</em></span> <span class='ocrx_word' id='word_1_98' title='bbox 1100 1872 1190 1934; x_wconf 89' lang='lat' dir='ltr'>quem</span> <span class='ocrx_word' id='word_1_99' title='bbox 1217 1872 1286 1935; x_wconf 93' lang='lat' dir='ltr'>par-</span> 
     </span>
     <span class='ocr_line' id='line_1_14' title="bbox 202 1963 1286 2047; baseline 0.003 -22"><span class='ocrx_word' id='word_1_100' title='bbox 202 1963 257 2026; x_wconf 91' lang='lat' dir='ltr'>tim</span> <span class='ocrx_word' id='word_1_101' title='bbox 289 1970 429 2040; x_wconf 90' lang='lat' dir='ltr'>secutus,</span> <span class='ocrx_word' id='word_1_102' title='bbox 456 1973 597 2027; x_wconf 85' lang='lat' dir='ltr'>monente</span> <span class='ocrx_word' id='word_1_103' title='bbox 622 1971 718 2027; x_wconf 90' lang='lat' dir='ltr'>metro</span> <span class='ocrx_word' id='word_1_104' title='bbox 742 1987 784 2029; x_wconf 90' lang='lat' dir='ltr'>vs.</span> <span class='ocrx_word' id='word_1_105' title='bbox 807 1964 999 2040; x_wconf 86' lang='lat' dir='ltr'>antithetici,</span> <span class='ocrx_word' id='word_1_106' title='bbox 1023 1964 1090 2047; x_wconf 89' lang='lat' dir='ltr'>ipse</span> <span class='ocrx_word' id='word_1_107' title='bbox 1113 1964 1286 2047; x_wconf 89' lang='lat' dir='ltr'>suspicatus</span> 
     </span>
     <span class='ocr_line' id='line_1_15' title="bbox 203 2075 1285 2168; baseline 0.003 -29"><span class='ocrx_word' id='word_1_108' title='bbox 203 2099 270 2140; x_wconf 86' lang='lat' dir='ltr'>sum</span> <span class='ocrx_word' id='word_1_109' title='bbox 294 2083 400 2154; x_wconf 78' lang='grc' dir='ltr'><em>τιμῶσι</em></span> <span class='ocrx_word' id='word_1_110' title='bbox 424 2076 536 2157; x_wconf 89' lang='grc' dir='ltr'><em>χόροις,</em></span> <span class='ocrx_word' id='word_1_111' title='bbox 565 2075 691 2161; x_wconf 89' lang='lat' dir='ltr'>probata</span> <span class='ocrx_word' id='word_1_112' title='bbox 714 2077 804 2141; x_wconf 91' lang='lat' dir='ltr'>simul</span> <span class='ocrx_word' id='word_1_113' title='bbox 824 2077 998 2168; x_wconf 85' lang='lat' dir='ltr'>¹Hermanni</span> <span class='ocrx_word' id='word_1_114' title='bbox 1022 2078 1196 2141; x_wconf 90' lang='lat' dir='ltr'>coniectura</span> <span class='ocrx_word' id='word_1_115' title='bbox 1219 2075 1285 2142; x_wconf 84' lang='grc' dir='ltr'><em>όυοιι</em></span> 
     </span>
     <span class='ocr_line' id='line_1_16' title="bbox 202 2189 1286 2276; baseline 0.002 -24"><span class='ocrx_word' id='word_1_116' title='bbox 202 2214 236 2253; x_wconf 88' lang='grc' dir='ltr'>τε</span> <span class='ocrx_word' id='word_1_117' title='bbox 259 2189 360 2255; x_wconf 91' lang='grc' dir='ltr'><em>πόντον</em></span> <span class='ocrx_word' id='word_1_118' title='bbox 381 2193 449 2255; x_wconf 81' lang='grc' dir='ltr'>κοτ’</span> <span class='ocrx_word' id='word_1_119' title='bbox 464 2190 574 2255; x_wconf 79' lang='grc' dir='ltr'><em>νόοννόον</em></span> <span class='ocrx_word' id='word_1_120' title='bbox 589 2215 623 2255; x_wconf 90' lang='grc' dir='ltr'>τε</span> <span class='ocrx_word' id='word_1_121' title='bbox 638 2197 778 2268; x_wconf 82' lang='grc' dir='ltr'><em>ποτωμῶν</em></span> <span class='ocrx_word' id='word_1_122' title='bbox 794 2192 882 2262; x_wconf 78' lang='grc' dir='ltr'><em>δι’νοις.</em></span> <span class='ocrx_word' id='word_1_123' title='bbox 907 2189 1017 2254; x_wconf 87' lang='lat' dir='ltr'>Verte:</span> <span class='ocrx_word' id='word_1_124' title='bbox 1043 2190 1286 2276; x_wconf 81' lang='lat' dir='ltr'>(lhoreasque</span> 
     </span>
     <span class='ocr_line' id='line_1_17' title="bbox 203 2302 1287 2390; baseline 0.003 -25"><span class='ocrx_word' id='word_1_125' title='bbox 203 2313 323 2387; x_wconf 80' lang='lat' dir='ltr'>agunt</span> <span class='ocrx_word' id='word_1_126' title='bbox 360 2302 467 2368; x_wconf 88' lang='lat' dir='ltr'>Luna</span> <span class='ocrx_word' id='word_1_127' title='bbox 502 2312 536 2368; x_wconf 88' lang='grc'>61</span> <span class='ocrx_word' id='word_1_128' title='bbox 572 2305 851 2388; x_wconf 82' lang='lat' dir='ltr'><strong>quinquaginta</strong></span> <span class='ocrx_word' id='word_1_129' title='bbox 884 2303 1069 2368; x_wconf 86' lang='lat' dir='ltr'>Nereides</span> <span class='ocrx_word' id='word_1_130' title='bbox 1104 2327 1287 2390; x_wconf 90' lang='lat' dir='ltr'>quaeque</span> 
     </span>
     <span class='ocr_line' id='line_1_18' title="bbox 203 2416 1286 2502; baseline 0.002 -23"><span class='ocrx_word' id='word_1_131' title='bbox 203 2417 300 2481; x_wconf 90' lang='lat' dir='ltr'>aliae</span> <span class='ocrx_word' id='word_1_132' title='bbox 317 2416 486 2502; x_wconf 84' lang='lat' dir='ltr'>virgines</span> <span class='ocrx_word' id='word_1_133' title='bbox 510 2417 548 2480; x_wconf 94' lang='lat' dir='ltr'>in</span> <span class='ocrx_word' id='word_1_134' title='bbox 574 2417 664 2481; x_wconf 91' lang='lat' dir='ltr'>mari</span> <span class='ocrx_word' id='word_1_135' title='bbox 685 2426 720 2480; x_wconf 93' lang='grc'>61</span> <span class='ocrx_word' id='word_1_136' title='bbox 740 2418 961 2501; x_wconf 87' lang='lat' dir='ltr'>perennium</span> <span class='ocrx_word' id='word_1_137' title='bbox 983 2418 1186 2482; x_wconf 85' lang='lat' dir='ltr'>fluviorum</span> <span class='ocrx_word' id='word_1_138' title='bbox 1207 2440 1286 2502; x_wconf 84' lang='lat' dir='ltr'>gur-</span> 
     </span>
     <span class='ocr_line' id='line_1_19' title="bbox 204 2529 1286 2615; baseline 0.004 -23"><span class='ocrx_word' id='word_1_139' title='bbox 204 2529 353 2613; x_wconf 88' lang='lat' dir='ltr'>gitibus</span> <span class='ocrx_word' id='word_1_140' title='bbox 377 2529 524 2594; x_wconf 83' lang='lat' dir='ltr'>choreis</span> <span class='ocrx_word' id='word_1_141' title='bbox 549 2529 742 2594; x_wconf 89' lang='lat' dir='ltr'>celebrant</span> <span class='ocrx_word' id='word_1_142' title='bbox 769 2529 1028 2615; x_wconf 86' lang='lat' dir='ltr'>Proserpinam</span> <span class='ocrx_word' id='word_1_143' title='bbox 1054 2538 1089 2595; x_wconf 92' lang='lat' dir='ltr'>et</span> <span class='ocrx_word' id='word_1_144' title='bbox 1113 2530 1286 2597; x_wconf 79' lang='lat' dir='ltr'>Cererem.</span> 
     </span>
    </p>

    <p class='ocr_par' dir='ltr' id='par_1_5' title="bbox 203 2642 1366 3182">
     <span class='ocr_line' id='line_1_20' title="bbox 250 2642 1287 2729; baseline 0.003 -23"><span class='ocrx_word' id='word_1_145' title='bbox 250 2646 346 2707; x_wconf 87' lang='lat'>1081.</span> <span class='ocrx_word' id='word_1_146' title='bbox 370 2644 614 2718; x_wconf 77' lang='grc' dir='ltr'><em>πεντόκοντιι</em></span> <span class='ocrx_word' id='word_1_147' title='bbox 638 2642 745 2724; x_wconf 87' lang='grc' dir='ltr'><em>κόροιι</em></span> <span class='ocrx_word' id='word_1_148' title='bbox 768 2644 912 2724; x_wconf 76' lang='grc' dir='ltr'><em>Νηρέος</em></span> <span class='ocrx_word' id='word_1_149' title='bbox 936 2667 1024 2729; x_wconf 88' lang='lat' dir='ltr'>saepe</span> <span class='ocrx_word' id='word_1_150' title='bbox 1049 2652 1232 2709; x_wconf 89' lang='lat' dir='ltr'>memoratae</span> <span class='ocrx_word' id='word_1_151' title='bbox 1249 2645 1287 2709; x_wconf 94' lang='lat' dir='ltr'>ab</span> 
     </span>
     <span class='ocr_line' id='line_1_21' title="bbox 203 2754 1366 2842; baseline 0.003 -22"><span class='ocrx_word' id='word_1_152' title='bbox 203 2757 352 2841; x_wconf 77' lang='lat' dir='ltr'>Euripide</span> <span class='ocrx_word' id='word_1_153' title='bbox 383 2780 409 2822; x_wconf 88' lang='lat' dir='ltr'>v.</span> <span class='ocrx_word' id='word_1_154' title='bbox 433 2780 459 2822; x_wconf 93' lang='lat' dir='ltr'>c.</span> <span class='ocrx_word' id='word_1_155' title='bbox 492 2757 562 2841; x_wconf 87' lang='lat' dir='ltr'>Iph.</span> <span class='ocrx_word' id='word_1_156' title='bbox 586 2759 623 2822; x_wconf 88' lang='lat' dir='ltr'>A.</span> <span class='ocrx_word' id='word_1_157' title='bbox 650 2760 733 2821; x_wconf 77' lang='lat'>1062</span> <span class='ocrx_word' id='word_1_158' title='bbox 759 2765 789 2821; x_wconf 92' lang='grc'>61</span> <span class='ocrx_word' id='word_1_159' title='bbox 813 2756 939 2842; x_wconf 75' lang='grc' dir='ltr'><strong>1616Τ.</strong></span> <span class='ocrx_word' id='word_1_160' title='bbox 964 2761 1037 2823; x_wconf 80' lang='grc'><strong>128.</strong></span> <span class='ocrx_word' id='word_1_161' title='bbox 1060 2757 1287 2834; x_wconf 74' lang='grc' dir='ltr'><em>Ἑκοιτόμποδοις</em></span> <span class='ocrx_word' id='word_1_162' title='bbox 1365 2754 1366 2757; x_wconf 33' lang='grc'><strong>“</strong></span> 
     </span>
     <span class='ocr_line' id='line_1_22' title="bbox 204 2870 1286 2957; baseline -0.001 -22"><span class='ocrx_word' id='word_1_163' title='bbox 204 2881 291 2935; x_wconf 89' lang='lat' dir='ltr'>vocat</span> <span class='ocrx_word' id='word_1_164' title='bbox 322 2871 486 2957; x_wconf 83' lang='lat' dir='ltr'>Sophocles</span> <span class='ocrx_word' id='word_1_165' title='bbox 519 2870 557 2936; x_wconf 93' lang='grc' dir='ltr'><strong>Ο.</strong></span> <span class='ocrx_word' id='word_1_166' title='bbox 583 2871 616 2936; x_wconf 89' lang='grc'>0.</span> <span class='ocrx_word' id='word_1_167' title='bbox 649 2873 732 2951; x_wconf 85' lang='grc'><strong>718,</strong></span> <span class='ocrx_word' id='word_1_168' title='bbox 764 2871 914 2935; x_wconf 88' lang='lat' dir='ltr'>Pindarus</span> <span class='ocrx_word' id='word_1_169' title='bbox 943 2872 1025 2956; x_wconf 90' lang='lat' dir='ltr'>apud</span> <span class='ocrx_word' id='word_1_170' title='bbox 1049 2872 1161 2953; x_wconf 88' lang='lat' dir='ltr'>Athen.</span> <span class='ocrx_word' id='word_1_171' title='bbox 1185 2871 1286 2948; x_wconf 88' lang='lat' dir='ltr'><strong>XIII,</strong></span> 
     </span>
     <span class='ocr_line' id='line_1_23' title="bbox 206 2983 1286 3070; baseline 0 -23"><span class='ocrx_word' id='word_1_172' title='bbox 206 3008 272 3070; x_wconf 85' lang='lat' dir='ltr'>pag.</span> <span class='ocrx_word' id='word_1_173' title='bbox 305 2987 367 3050; x_wconf 85' lang='grc'>573</span> <span class='ocrx_word' id='word_1_174' title='bbox 392 2985 417 3047; x_wconf 80' lang='lat' dir='ltr'><strong>F</strong></span> <span class='ocrx_word' id='word_1_175' title='bbox 452 2989 534 3066; x_wconf 76' lang='grc' dir='ltr'><em>κορόιν</em></span> <span class='ocrx_word' id='word_1_176' title='bbox 568 2985 684 3061; x_wconf 61' lang='lat' dir='ltr'>aaran</span> <span class='ocrx_word' id='word_1_177' title='bbox 714 2983 914 3063; x_wconf 78' lang='grc' dir='ltr'><em>ἑνιοιτόνννιον.</em></span> <span class='ocrx_word' id='word_1_178' title='bbox 951 2983 997 3049; x_wconf 83' lang='grc'>01.</span> <span class='ocrx_word' id='word_1_179' title='bbox 1029 2984 1218 3049; x_wconf 86' lang='lat' dir='ltr'>Valckenaar</span> <span class='ocrx_word' id='word_1_180' title='bbox 1248 2983 1286 3047; x_wconf 90' lang='lat' dir='ltr'>ad</span> 
     </span>
     <span class='ocr_line' id='line_1_24' title="bbox 206 3077 540 3182; baseline 0.003 -21"><span class='ocrx_word' id='word_1_181' title='bbox 206 3103 347 3162; x_wconf 89' lang='lat' dir='ltr'>Ammon.</span> <span class='ocrx_word' id='word_1_182' title='bbox 373 3121 401 3182; x_wconf 95' lang='lat' dir='ltr'>p.</span> <span class='ocrx_word' id='word_1_183' title='bbox 426 3077 540 3162; x_wconf 76' lang='grc'><strong>1610.</strong></span> 
     </span>
    </p>

    <p class='ocr_par' dir='ltr' id='par_1_6' title="bbox 204 3209 1315 3634">
     <span class='ocr_line' id='line_1_25' title="bbox 252 3209 1287 3294; baseline -0.001 -20"><span class='ocrx_word' id='word_1_184' title='bbox 252 3214 346 3275; x_wconf 90' lang='grc'><strong>1091.</strong></span> <span class='ocrx_word' id='word_1_185' title='bbox 371 3212 476 3275; x_wconf 85' lang='grc' dir='ltr'><em>νοιτόι</em></span> <span class='ocrx_word' id='word_1_186' title='bbox 499 3216 649 3287; x_wconf 82' lang='grc' dir='ltr'><em>μοῦοοιν</em></span> <span class='ocrx_word' id='word_1_187' title='bbox 672 3209 811 3282; x_wconf 78' lang='grc' dir='ltr'><em>ἰόντες.</em></span> <span class='ocrx_word' id='word_1_188' title='bbox 848 3209 996 3294; x_wconf 82' lang='lat' dir='ltr'>Suspecta</span> <span class='ocrx_word' id='word_1_189' title='bbox 1018 3209 1128 3286; x_wconf 86' lang='lat' dir='ltr'>lectio,</span> <span class='ocrx_word' id='word_1_190' title='bbox 1157 3231 1287 3293; x_wconf 89' lang='lat' dir='ltr'>quacum</span> 
     </span>
     <span class='ocr_line' id='line_1_26' title="bbox 204 3322 1315 3406; baseline -0.004 -18"><span class='ocrx_word' id='word_1_191' title='bbox 204 3325 317 3389; x_wconf 80' lang='lat' dir='ltr'>frustra</span> <span class='ocrx_word' id='word_1_192' title='bbox 335 3323 452 3387; x_wconf 87' lang='lat' dir='ltr'>Seidler</span> <span class='ocrx_word' id='word_1_193' title='bbox 468 3324 653 3406; x_wconf 88' lang='lat' dir='ltr'>comparavit</span> <span class='ocrx_word' id='word_1_194' title='bbox 671 3323 816 3387; x_wconf 82' lang='grc'><strong>1116965</strong></span> <span class='ocrx_word' id='word_1_195' title='bbox 838 3322 885 3386; x_wconf 69' lang='grc' dir='ltr'>διὰ</span> <span class='ocrx_word' id='word_1_196' title='bbox 904 3323 1018 3400; x_wconf 79' lang='grc' dir='ltr'><em>μούσοις</em></span> <span class='ocrx_word' id='word_1_197' title='bbox 1039 3322 1096 3404; x_wconf 57' lang='lat' dir='ltr'>plia</span> <span class='ocrx_word' id='word_1_198' title='bbox 1113 3330 1142 3387; x_wconf 88' lang='grc'>61</span> <span class='ocrx_word' id='word_1_199' title='bbox 1160 3322 1286 3406; x_wconf 89' lang='grc' dir='ltr'><strong>Η16661.</strong></span> <span class='ocrx_word' id='word_1_200' title='bbox 1313 3397 1315 3401; x_wconf 23' lang='grc' dir='ltr'>Ι</span> 
     </span>
     <span class='ocr_line' id='line_1_27' title="bbox 204 3435 1289 3521; baseline 0 -21"><span class='ocrx_word' id='word_1_201' title='bbox 204 3440 268 3500; x_wconf 77' lang='lat'>452</span> <span class='ocrx_word' id='word_1_202' title='bbox 300 3440 328 3502; x_wconf 82' lang='grc' dir='ltr'>ἐν</span> <span class='ocrx_word' id='word_1_203' title='bbox 359 3438 481 3514; x_wconf 83' lang='grc' dir='ltr'><em>μοόοοιις</em></span> <span class='ocrx_word' id='word_1_204' title='bbox 511 3435 592 3502; x_wconf 81' lang='grc' dir='ltr'><em>εἶνοιι.</em></span> <span class='ocrx_word' id='word_1_205' title='bbox 637 3435 791 3500; x_wconf 87' lang='lat' dir='ltr'>Hermann</span> <span class='ocrx_word' id='word_1_206' title='bbox 827 3436 941 3520; x_wconf 85' lang='lat' dir='ltr'>recepit</span> <span class='ocrx_word' id='word_1_207' title='bbox 971 3437 1141 3521; x_wconf 81' lang='lat' dir='ltr'>Musgravii</span> <span class='ocrx_word' id='word_1_208' title='bbox 1173 3436 1289 3500; x_wconf 89' lang='lat' dir='ltr'>coniec-</span> 
     </span>
     <span class='ocr_line' id='line_1_28' title="bbox 205 3549 1289 3634; baseline -0.002 -20"><span class='ocrx_word' id='word_1_209' title='bbox 205 3558 305 3614; x_wconf 88' lang='lat' dir='ltr'>turam</span> <span class='ocrx_word' id='word_1_210' title='bbox 329 3551 410 3614; x_wconf 84' lang='grc' dir='ltr'><em>κοιτόι</em></span> <span class='ocrx_word' id='word_1_211' title='bbox 433 3576 467 3628; x_wconf 90' lang='grc' dir='ltr'>μ.</span> <span class='ocrx_word' id='word_1_212' title='bbox 492 3550 581 3621; x_wconf 81' lang='grc' dir='ltr'><em>ἱέντες</em></span> <span class='ocrx_word' id='word_1_213' title='bbox 606 3551 660 3634; x_wconf 88' lang='grc'>661</span> <span class='ocrx_word' id='word_1_214' title='bbox 681 3550 834 3632; x_wconf 84' lang='lat' dir='ltr'>explicans</span> <span class='ocrx_word' id='word_1_215' title='bbox 855 3551 918 3632; x_wconf 93' lang='lat' dir='ltr'>qui</span> <span class='ocrx_word' id='word_1_216' title='bbox 934 3550 1071 3618; x_wconf 89' lang='lat' dir='ltr'>Musam</span> <span class='ocrx_word' id='word_1_217' title='bbox 1089 3549 1289 3613; x_wconf 89' lang='lat' dir='ltr'>demittunt</span> 
     </span>
    </p>
   </div>
   <div class='ocr_carea' id='block_1_5' title="bbox 206 3659 1289 3747">
    <p class='ocr_par' dir='ltr' id='par_1_7' title="bbox 206 3659 1289 3747">
     <span class='ocr_line' id='line_1_29' title="bbox 206 3659 1289 3747; baseline -0.003 -21"><span class='ocrx_word' id='word_1_218' title='bbox 206 3664 250 3726; x_wconf 94' lang='lat' dir='ltr'>ad</span> <span class='ocrx_word' id='word_1_219' title='bbox 287 3663 474 3747; x_wconf 85' lang='lat' dir='ltr'>indigna,</span> <span class='ocrx_word' id='word_1_220' title='bbox 511 3662 602 3726; x_wconf 84' lang='lat' dir='ltr'>verbo</span> <span class='ocrx_word' id='word_1_221' title='bbox 633 3664 694 3726; x_wconf 89' lang='lat' dir='ltr'>vim</span> <span class='ocrx_word' id='word_1_222' title='bbox 727 3663 834 3726; x_wconf 89' lang='lat' dir='ltr'>tribuit</span> <span class='ocrx_word' id='word_1_223' title='bbox 844 3710 852 3739; x_wconf 92' lang='lat'>‚</span> <span class='ocrx_word' id='word_1_224' title='bbox 878 3685 939 3747; x_wconf 93' lang='lat' dir='ltr'>qua</span> <span class='ocrx_word' id='word_1_225' title='bbox 962 3669 1051 3726; x_wconf 88' lang='lat' dir='ltr'>caret.</span> <span class='ocrx_word' id='word_1_226' title='bbox 1096 3659 1167 3724; x_wconf 92' lang='lat' dir='ltr'>Non</span> <span class='ocrx_word' id='word_1_227' title='bbox 1192 3661 1289 3745; x_wconf 86' lang='lat' dir='ltr'>magis</span> 
     </span>
    </p>
   </div>
   <div class='ocr_carea' id='block_1_6' title="bbox 204 3894 1338 4244">
    <p class='ocr_par' dir='ltr' id='par_1_8' title="bbox 204 3894 1338 4244">
     <span class='ocr_line' id='line_1_30' title="bbox 238 3894 1338 3979; baseline 0.001 -23"><span class='ocrx_word' id='word_1_228' title='bbox 238 3907 263 3972; x_wconf 93' lang='lat' dir='ltr'>l)</span> <span class='ocrx_word' id='word_1_229' title='bbox 283 3894 426 3972; x_wconf 69' lang='grc'><strong>01116116.</strong></span> <span class='ocrx_word' id='word_1_230' title='bbox 448 3911 519 3966; x_wconf 76' lang='grc'><strong>1146,</strong></span> <span class='ocrx_word' id='word_1_231' title='bbox 536 3907 581 3958; x_wconf 89' lang='grc'>611</span> <span class='ocrx_word' id='word_1_232' title='bbox 599 3909 716 3959; x_wconf 82' lang='grc' dir='ltr'><strong>Β666166</strong></span> <span class='ocrx_word' id='word_1_233' title='bbox 732 3914 901 3979; x_wconf 73' lang='grc'><strong>6666166666</strong></span> <span class='ocrx_word' id='word_1_234' title='bbox 917 3917 1025 3962; x_wconf 76' lang='grc' dir='ltr'><em>πνεόντων</em></span> <span class='ocrx_word' id='word_1_235' title='bbox 1041 3929 1141 3978; x_wconf 77' lang='grc' dir='ltr'><em>χοραγος</em></span> <span class='ocrx_word' id='word_1_236' title='bbox 1155 3915 1247 3978; x_wconf 72' lang='grc' dir='ltr'><em>οἴστρων</em></span> <span class='ocrx_word' id='word_1_237' title='bbox 1259 3925 1289 3957; x_wconf 83' lang='lat' dir='ltr'>ex</span> <span class='ocrx_word' id='word_1_238' title='bbox 1336 3903 1338 3906; x_wconf 61' lang='grc'>’</span> 
     </span>
     <span class='ocr_line' id='line_1_31' title="bbox 204 3998 1290 4066; baseline -0.002 -18"><span class='ocrx_word' id='word_1_239' title='bbox 204 4004 337 4064; x_wconf 87' lang='lat' dir='ltr'>poetarum</span> <span class='ocrx_word' id='word_1_240' title='bbox 354 4000 536 4051; x_wconf 87' lang='lat' dir='ltr'>consuetudine</span> <span class='ocrx_word' id='word_1_241' title='bbox 558 4001 644 4064; x_wconf 86' lang='lat' dir='ltr'>(verba</span> <span class='ocrx_word' id='word_1_242' title='bbox 662 4005 722 4050; x_wconf 90' lang='lat' dir='ltr'>sunt</span> <span class='ocrx_word' id='word_1_243' title='bbox 739 4000 860 4050; x_wconf 81' lang='lat' dir='ltr'>Lobeckii</span> <span class='ocrx_word' id='word_1_244' title='bbox 876 4001 904 4049; x_wconf 92' lang='lat' dir='ltr'>in</span> <span class='ocrx_word' id='word_1_245' title='bbox 921 3999 1097 4066; x_wconf 84' lang='lat' dir='ltr'>Aglaophsmo</span> <span class='ocrx_word' id='word_1_246' title='bbox 1113 4015 1139 4064; x_wconf 91' lang='lat' dir='ltr'>p.</span> <span class='ocrx_word' id='word_1_247' title='bbox 1157 4000 1228 4057; x_wconf 82' lang='lat'>218),</span> <span class='ocrx_word' id='word_1_248' title='bbox 1244 3998 1290 4061; x_wconf 86' lang='lat' dir='ltr'>qui</span> 
     </span>
     <span class='ocr_line' id='line_1_32' title="bbox 205 4089 1288 4155; baseline 0 -16"><span class='ocrx_word' id='word_1_249' title='bbox 205 4090 310 4139; x_wconf 86' lang='lat' dir='ltr'>deorum</span> <span class='ocrx_word' id='word_1_250' title='bbox 327 4090 396 4154; x_wconf 84' lang='lat' dir='ltr'>orgia</span> <span class='ocrx_word' id='word_1_251' title='bbox 413 4107 458 4141; x_wconf 88' lang='lat' dir='ltr'>sua</span> <span class='ocrx_word' id='word_1_252' title='bbox 475 4089 704 4140; x_wconf 87' lang='lat' dir='ltr'>concelebrantium</span> <span class='ocrx_word' id='word_1_253' title='bbox 721 4090 832 4140; x_wconf 83' lang='lat' dir='ltr'>adventu</span> <span class='ocrx_word' id='word_1_254' title='bbox 843 4090 992 4155; x_wconf 85' lang='lat' dir='ltr'>universam</span> <span class='ocrx_word' id='word_1_255' title='bbox 1009 4093 1126 4139; x_wconf 76' lang='lat' dir='ltr'>nanrram</span> <span class='ocrx_word' id='word_1_256' title='bbox 1138 4091 1288 4140; x_wconf 86' lang='lat' dir='ltr'>commoveri</span> 
     </span>
     <span class='ocr_line' id='line_1_33' title="bbox 205 4179 1290 4244; baseline 0.002 -16"><span class='ocrx_word' id='word_1_257' title='bbox 205 4185 230 4228; x_wconf 93' lang='lat' dir='ltr'>et</span> <span class='ocrx_word' id='word_1_258' title='bbox 247 4179 359 4228; x_wconf 85' lang='lat' dir='ltr'>exultare</span> <span class='ocrx_word' id='word_1_259' title='bbox 374 4179 485 4243; x_wconf 82' lang='lat' dir='ltr'>fingunt,</span> <span class='ocrx_word' id='word_1_260' title='bbox 502 4180 538 4229; x_wconf 83' lang='lat' dir='ltr'>ita</span> <span class='ocrx_word' id='word_1_261' title='bbox 554 4184 585 4229; x_wconf 89' lang='grc'>61</span> <span class='ocrx_word' id='word_1_262' title='bbox 602 4185 668 4230; x_wconf 86' lang='lat' dir='ltr'>terra</span> <span class='ocrx_word' id='word_1_263' title='bbox 685 4181 873 4238; x_wconf 84' lang='lat' dir='ltr'>contremiscat,</span> <span class='ocrx_word' id='word_1_264' title='bbox 890 4181 970 4229; x_wconf 85' lang='lat' dir='ltr'>maria</span> <span class='ocrx_word' id='word_1_265' title='bbox 986 4184 1142 4238; x_wconf 78' lang='lat' dir='ltr'>exaestuent,</span> <span class='ocrx_word' id='word_1_266' title='bbox 1155 4179 1290 4244; x_wconf 86' lang='lat' dir='ltr'>stellceque</span> 
     </span>
    </p>
   </div>
   <div class='ocr_carea' id='block_1_7' title="bbox 204 4269 1290 4420">
    <p class='ocr_par' dir='ltr' id='par_1_9' title="bbox 204 4269 1290 4420">
     <span class='ocr_line' id='line_1_34' title="bbox 204 4269 1290 4335; baseline 0.002 -17"><span class='ocrx_word' id='word_1_267' title='bbox 204 4270 274 4334; x_wconf 86' lang='lat' dir='ltr'>ipsae</span> <span class='ocrx_word' id='word_1_268' title='bbox 290 4271 434 4334; x_wconf 81' lang='lat' dir='ltr'>augustiore</span> <span class='ocrx_word' id='word_1_269' title='bbox 450 4271 546 4320; x_wconf 90' lang='lat' dir='ltr'>lumine</span> <span class='ocrx_word' id='word_1_270' title='bbox 562 4286 693 4320; x_wconf 88' lang='lat' dir='ltr'>coruscare</span> <span class='ocrx_word' id='word_1_271' title='bbox 710 4271 851 4320; x_wconf 84' lang='lat' dir='ltr'>videantur.</span> <span class='ocrx_word' id='word_1_272' title='bbox 869 4270 939 4319; x_wconf 91' lang='lat' dir='ltr'>Idem</span> <span class='ocrx_word' id='word_1_273' title='bbox 956 4274 1083 4335; x_wconf 88' lang='lat' dir='ltr'>praeterea</span> <span class='ocrx_word' id='word_1_274' title='bbox 1097 4269 1185 4319; x_wconf 87' lang='lat' dir='ltr'>laudat</span> <span class='ocrx_word' id='word_1_275' title='bbox 1196 4269 1290 4320; x_wconf 86' lang='lat' dir='ltr'>Bacch.</span> 
     </span>
     <span class='ocr_line' id='line_1_35' title="bbox 207 4355 846 4420; baseline 0.002 -11"><span class='ocrx_word' id='word_1_276' title='bbox 207 4359 252 4410; x_wconf 81' lang='lat'>117</span> <span class='ocrx_word' id='word_1_277' title='bbox 272 4364 297 4410; x_wconf 90' lang='grc'>61</span> <span class='ocrx_word' id='word_1_278' title='bbox 315 4359 447 4410; x_wconf 78' lang='lat' dir='ltr'>Claudiam</span> <span class='ocrx_word' id='word_1_279' title='bbox 464 4361 496 4411; x_wconf 91' lang='lat' dir='ltr'>ds</span> <span class='ocrx_word' id='word_1_280' title='bbox 512 4355 586 4410; x_wconf 45' lang='lat' dir='ltr'>laudi</span> <span class='ocrx_word' id='word_1_281' title='bbox 599 4360 698 4411; x_wconf 88' lang='lat' dir='ltr'>Stilich.</span> <span class='ocrx_word' id='word_1_282' title='bbox 716 4361 743 4420; x_wconf 85' lang='lat'>1,</span> <span class='ocrx_word' id='word_1_283' title='bbox 762 4363 788 4419; x_wconf 93' lang='lat'>1,</span> <span class='ocrx_word' id='word_1_284' title='bbox 807 4363 846 4410; x_wconf 74' lang='lat'>84.</span> 
     </span>
    </p>
   </div>
   <div class='ocr_carea' id='block_1_8' title="bbox 0 0 1563 4914">
    <p class='ocr_par' dir='ltr' id='par_1_10' title="bbox 0 0 1563 4914">
     <span class='ocr_line' id='line_1_36' title="bbox 0 0 1563 4914; baseline 0 0"><span class='ocrx_word' id='word_1_285' title='bbox 0 0 1563 4914; x_wconf 95' lang='lat' dir='ltr'> </span> 
     </span>
    </p>
   </div>
  </div>
 </body>
</html>
