3112 4914
270 379 312 440 92
687 396 937 440 concanonicus.

269 591 331 654 fere
363 591 459 674 magis
486 591 646 655 familiaria
672 599 746 653 sunt
769 591 938 675 composita
962 591 992 653 in
1017 590 1135 666 βονπτος
1160 588 1243 651 velut
1265 595 1352 669 φοινι-

268 702 420 780 κόβοοτπος
452 704 561 767 Aesch.
586 703 672 768 Eum.
698 706 778 781 982,
803 704 1000 784 κοονόβοοπτος
1025 703 1105 766 Pers.
1133 704 1214 778 662,
1240 709 1353 789 πορφυ-

268 816 418 896 οᾶβοοπτος
440 840 488 902 ap.
511 818 669 882 Platonem
693 819 853 883 comicum.
878 819 991 882 Athen.
1016 817 1072 894 Il,
1097 821 1139 879 48
1160 817 1195 880 B.
1227 815 1354 879 Formae

268 931 502 1013 Φοννοκοβοοφής,
518 931 763 1013 ποοΦνροβοοφής,
781 932 988 1012 εὀνθονβονφής,
1002 931 1194 1012 λεονοβοοφής
1213 931 1244 993 in
1258 929 1354 1012 sequi·

269 1066 358 1108 orum
380 1053 501 1108 tantum
525 1046 645 1129 scriptis
668 1047 870 1130 reperiuntur.
906 1044 951 1111 Cf.
977 1045 1054 1109 inira
1079 1067 1104 1108 v.
1131 1045 1225 1108 1207.

316 1160 389 1223 164.
420 1157 560 1243 Cygnum
595 1159 731 1243 Apollini
760 1182 877 1223 sacrum
904 1181 968 1222 esse
992 1170 1022 1222 et
1047 1157 1119 1220 huic
1143 1156 1190 1218 avi
1214 1155 1353 1238 pulcrum

270 1281 393 1335 cantum
417 1271 512 1336 tribui
535 1295 553 1334 a
577 1273 674 1357 poetis
700 1272 759 1356 (Of.
782 1273 877 1336 nostri
903 1271 995 1336 dilect.
1022 1273 1092 1335 151.
1117 1269 1187 1354 Iph.
1203 1269 1237 1333 Τ.
1252 1269 1355 1351 1102)

269 1407 358 1448 nemo
390 1385 535 1470 ignorat3'
560 1408 650 1469 quam
679 1408 740 1449 non
768 1409 832 1450 esse
857 1408 968 1450 meram
994 1384 1149 1467 fabulam,
1174 1383 1227 1446 sed
1253 1403 1356 1445 revera

270 1520 334 1562 esse
358 1521 500 1563 canorum
526 1500 679 1583 quoddam
704 1523 870 1585 cygnorum
892 1523 1006 1584 genus,
1024 1499 1115 1563 hodie
1131 1499 1203 1562 satis
1221 1502 1351 1560 constat.

269 1609 419 1677 Videatur
438 1611 553 1678 Theod.
572 1613 711 1677 Kockius
731 1615 769 1677 ad
790 1615 882 1679 Arist.
900 1618 953 1678 Αν.
968 1604 1040 1679 769.
1066 1613 1147 1676 Hinc
1159 1610 1353 1693 intellegitur

270 1723 393 1802 fabula,
431 1749 491 1810 qua
521 1728 633 1813 Apollo
668 1730 833 1811 quotannis
864 1729 988 1791 ineunte
1021 1736 1133 1790 aestate
1173 1722 1355 1788 credebatur

270 1838 367 1901 redire
398 1837 436 1901 ab
467 1839 671 1924 Hyperboreis
701 1842 732 1903 in
764 1862 861 1923 cygno
894 1848 996 1902 vectus
1031 1838 1077 1900 vel
1111 1839 1279 1911 incurro,
1304 1833 1354 1897 cui

270 1950 361 2034 cygni
383 1951 481 2015 iuncti
505 1960 609 2028 erant,
631 1961 666 2015 ut
685 1953 903 2037 repraesentari
924 1951 1001 2015 solet
1020 1952 1052 2014 in
1074 1949 1196 2013 vasibus
1209 1947 1353 2032 antiquis.

271 2062 390 2148 Nempe
414 2065 503 2149 cygni
526 2065 572 2127 illi
595 2066 697 2128 canori
720 2065 841 2150 proprie
866 2063 1006 2130 habitant
1029 2064 1060 2126 in
1090 2061 1226 2146 partibus
1251 2061 1355 2125 borea·

271 2176 369 2255 libus,
395 2178 447 2242 sed
470 2179 598 2263 migrare
621 2179 721 2243 solent
743 2179 897 2243 meridiem
924 2200 1026 2241 versus
1051 2177 1090 2241 ad
1117 2176 1262 2240 Graeciae
1286 2196 1354 2237 oras

271 2300 302 2355 et
333 2293 424 2356 Asiae
456 2293 590 2357 minoris.
629 2293 674 2357 De
705 2293 809 2377 cygnis
845 2292 982 2376 Apollini
1017 2290 1130 2366 sacris,
1164 2288 1351 2352 divinatione

272 2404 417 2489 praeditis
450 2415 480 2468 et
510 2407 687 2470 imminente
718 2417 815 2469 morta
844 2403 1025 2469 canentibus
1049 2403 1117 2466 vide
1141 2401 1300 2465 Platonem
1323 2400 1354 2462 in

267 2518 436 2596 Phaedone
460 2543 488 2604 p.
514 2524 555 2583 84
581 2520 606 2583 Ε
630 2528 659 2584 et
684 2523 725 2584 85
745 2520 789 2600 B,
811 2518 914 2602 ibique
933 2516 1152 2581 Heindorfium.
1177 2513 1358 2578 Notandum

272 2641 373 2697 autem
396 2634 428 2697 in
452 2633 642 2699 Scandinava
664 2656 786 2719 quoque
813 2633 1000 2717 mythologie
1024 2653 1157 2716 cygnum
1177 2651 1241 2692 esse
1263 2627 1357 2690 lucis

273 2745 430 2811 emblema.

261 2913 265 2919 .
319 2863 383 2925 lot
402 2884 447 2946 sq.
479 2861 647 2927 Cithara
679 2862 835 2927 Phoebi
869 2863 938 2945 (tuo
973 2859 1090 2943 cantui)
1115 2854 1359 2921 concentrix

272 2975 418 3059 intellego
449 2999 519 3040 cum
551 2976 706 3041 Barnesio.
744 2975 870 3039 Reiskio
902 2973 1053 3037 sententia
1085 2969 1244 3033 videbatur
1268 2968 1358 3031 haec:

273 3110 345 3150 vox
376 3098 443 3153 tua
475 3090 659 3154 citharae
696 3088 856 3154 Phoebi
892 3086 1168 3160 contendens,
1200 3082 1360 3164 φόρμιγγα

273 3204 324 3268 hic
354 3228 416 3270 non
440 3229 504 3271 esse
529 3208 769 3272 instrumentum
797 3207 947 3271 musicum
973 3204 1025 3268 sed
1050 3225 1153 3266 vocem
1178 3202 1268 3285 cygni
1292 3221 1360 3262 mu-

273 3319 365 3382 sicam
389 3320 573 3404 perhibenti.
611 3321 683 3384 Non
708 3322 829 3405 inepte,
855 3320 915 3383 nisi
942 3317 1064 3381 obstare
1088 3316 1241 3379 videretur
1264 3313 1361 3377 Gene-

273 3430 355 3494 tivus
379 3433 494 3509 Φοίβου.
519 3433 568 3498 Ita
591 3443 671 3497 certe
695 3433 907 3518 corrigendum
931 3432 1008 3495 foret
1033 3429 1137 3508 Φοίβῳ.
1158 3465 1202 3476 -
1221 3426 1360 3503 Δσύμμολ-

274 3569 344 3623 πος,
369 3547 388 3611 i.
413 3570 438 3612 e.
463 3550 601 3628 συνῳδός,
631 3550 808 3627 arccana·
830 3547 904 3612 alibi
930 3569 991 3610 non
1016 3552 1123 3609 exstat.

325 3665 398 3730 167.
422 3669 567 3742 alprat
589 3701 635 3712 -
659 3663 870 3737 Δνλνοὲδος.
896 3660 994 3745 lphig.
1014 3658 1049 3722 ’1.
1074 3661 1158 3721 1102
1178 3655 1243 3718 ἕνθοο
1262 3656 1360 3723 κύκνος

274 3781 402 3860 μελῳδὸς
425 3779 548 3850 Μούσαις
572 3778 734 3856 θεραπεύει.
758 3774 963 3839 Callimachus
976 3772 1092 3856 Hymn.
1107 3771 1138 3833 in
1153 3769 1265 3832 Delum
1280 3771 1358 3830 249:

274 3898 366 3962 κύκνον
390 3897 419 3959 δὲ
442 3898 502 3959 θεοῦ
526 3897 689 3970 μέλποντες
713 3889 800 3954 dorici
821 3887 826 3976 Ι
847 3889 969 3961 Matrica
984 3884 1147 3950 Πνκτωλὸν
1162 3882 1362 3948 ἐκυκλώσαντο

274 4013 409 4081 λιπόντες
429 4007 434 4097 Ι
455 4008 612 4086 ἓβδομοὶκνς
637 4007 700 4087 περὶ
725 4015 830 4078 Δῆλον.
872 4002 995 4067 Musca.
1028 3998 1244 4064 Animadverte
1269 3997 1361 4060 huius

274 4129 334 4192 loci
365 4126 533 4211 asyndeton
565 4123 686 4203 ποέοοογε
719 4159 763 4169 -
793 4120 908 4196 ἐπίβο,
936 4116 1091 4195 caladiam,
1117 4115 1201 4180 lonis
1226 4115 1360 4178 animum

276 4244 353 4307 bene
376 4242 516 4327 pingens.

325 4358 396 4422 168.
421 4351 558 4433 clodiae
575 4360 762 4435 corruptum.
787 4349 844 4412 Sed
863 4369 962 4430 neque
975 4345 1101 4423 οοὶοὶξενς,
1115 4345 1197 4428 quod
1211 4341 1363 4420 Nauchio,
