3112 4914
688 401 868 448 ennetrn'no,
1288 400 1318 441 lx

234 593 446 678 magnitudine
470 594 573 678 aliqua
597 597 713 681 tragica
736 596 887 681 insignes,
912 596 1011 680 qualis
1034 604 1080 659 est
1103 594 1256 680 descripta
1280 592 1318 656 ab

235 709 384 794 Aeschylo
401 707 657 796 Clytaemnestra,
677 711 797 795 abipso
814 719 917 774 nostro
933 711 1054 786 Medea,
1068 708 1318 794 aShalrespeario

233 824 377 889 Macheth
401 826 527 908 eiusque
550 824 671 890 cordua.
703 825 793 888 Tales
817 825 896 890 enirn
913 825 971 889 uisi
988 825 1114 901 fuerint,
1130 824 1194 888 fieri
1212 824 1319 907 nequit

232 947 267 1002 ut
291 948 394 1002 nostra
418 939 554 1016 intersit,
580 941 654 1023 quid
679 940 793 1004 faciant
815 949 869 1004 aut
888 940 1054 1024 patiantur.
1081 937 1126 1003 Of.
1150 938 1225 1002 Plat,
1242 938 1319 1023 Rep.

232 1071 261 1132 p.
287 1051 349 1111 495
369 1047 402 1112 B.
438 1048 569 1134 Insuper
592 1072 662 1113 vero
688 1050 745 1113 hoc
768 1051 834 1114 iure
858 1061 963 1114 nostro
987 1073 1004 1112 a
1025 1057 1115 1134 poeta
1130 1049 1316 1132 requirimus

232 1173 266 1227 ut
291 1164 560 1248 (quemadmodum
585 1166 699 1250 optime
724 1166 795 1229 fecit
817 1166 848 1228 iu
874 1166 983 1231 Medea
1006 1170 1075 1249 sua)
1100 1189 1135 1230 ex
1152 1165 1218 1249 ipsa
1234 1186 1315 1227 com·

232 1278 382 1362 positione
407 1278 579 1343 luculenter
602 1290 761 1364 appareat,
780 1288 896 1364 quanto
913 1279 1035 1344 horrore
1051 1280 1152 1363 ipsum
1167 1277 1318 1363 perstrin-

231 1401 306 1475 gant
331 1388 594 1469 rrelaria“'scelera,
621 1415 697 1456 neve
721 1393 816 1456 malos
837 1392 1005 1456 confundat
1022 1414 1090 1456 cum
1109 1390 1214 1467 bonis,
1233 1389 1317 1474 quod

233 1493 413 1589 Euripidem
437 1505 469 1567 iu
494 1504 568 1569 Ioue
591 1507 777 1570 commisisse
801 1508 870 1589 quis
892 1506 1040 1583 crederet,
1060 1506 1119 1569 uisi
1135 1505 1226 1569 fidem
1243 1505 1318 1570 face·

231 1612 278 1682 ret
301 1622 454 1683 sententia
478 1620 619 1696 moralis,
644 1643 705 1706 qua
728 1621 839 1685 chorus
863 1623 965 1686 exiens
990 1621 1062 1684 huic
1084 1620 1207 1685 fabulae
1223 1621 1319 1705 impo-

231 1731 277 1796 nit
300 1733 415 1797 finem?
440 1733 519 1798 Vide
544 1734 614 1798 adn.
640 1735 676 1797 ad
704 1758 746 1798 vs.
773 1739 869 1799 luae.
895 1734 1004 1815 Qualis
1024 1745 1220 1820 quantusque
1237 1756 1319 1797 error

233 1846 304 1910 inde
335 1856 455 1911 tantum
489 1848 632 1932 explicari
658 1871 746 1932 posse
772 1849 907 1929 videtur,
933 1850 1015 1932 quod
1041 1858 1130 1934 poeta
1155 1847 1317 1932 pingendis

231 1962 389 2026 affectibus
421 1961 601 2047 fabulaeque
633 1965 716 2026 nodo
749 1964 986 2048 constringendo
1019 1987 1053 2027 ac
1084 1962 1234 2027 solvendo
1254 1963 1316 2027 lere

232 2077 320 2141 unice
343 2078 481 2141 intentus
507 2098 703 2160 personarum
728 2099 826 2142 mores
852 2100 957 2161 parum
982 2100 1087 2142 curare
1111 2077 1231 2141 assolet.

275 2191 441 2276 Egregium
466 2213 535 2254 reru
560 2191 591 2256 iu
615 2191 672 2254 hac
697 2213 820 2275 quoque
843 2174 1001 2275 tragoedia
1020 2191 1213 2274 agnoscimus
1231 2190 1316 2254 affec·

231 2313 317 2367 tuum
342 2305 557 2368 movendorum
582 2305 745 2380 artificem,
772 2317 801 2367 et
823 2306 865 2368 ita
881 2305 998 2368 felicem
1017 2314 1107 2387 atque
1123 2305 1326 2388 ingeniosam.

231 2417 280 2482 hic
311 2417 492 2482 offendimus
523 2441 623 2484 rerum
656 2419 881 2494 inventionem,
912 2430 947 2484 ut
976 2420 1042 2482 iure
1066 2418 1201 2482 dubitari
1224 2440 1313 2501 posse

232 2529 379 2609 videatur,
404 2552 477 2593 num
502 2529 560 2592 alia
584 2528 688 2593 fabula
704 2531 734 2592 in
757 2550 875 2593 scenam
894 2530 1028 2592 Atticam
1045 2528 1198 2612 prodierit
1209 2529 1242 2591 in
1259 2527 1324 2591 hoc·

233 2665 341 2726 genere
377 2643 523 2728 superior.
571 2644 720 2727 Pleraque
755 2644 834 2730 enirn
869 2645 970 2706 omnia
1000 2642 1037 2707 ab
1069 2644 1137 2728 ipso
1170 2641 1321 2726 Euripide

231 2756 417 2838 excogitata,
443 2777 503 2818 nou
529 2778 563 2819 ex
589 2757 693 2840 mytho
718 2757 822 2841 aliquo
842 2756 1000 2840 depromta
1016 2780 1080 2820 esse
1096 2757 1170 2819 satis
1186 2763 1316 2821 constat.

230 2869 285 2932 Est
309 2879 410 2933 autem
436 2869 555 2933 fabulae
580 2872 659 2933 actio
683 2881 893 2935 consummata
916 2893 1010 2954 paene
1034 2871 1161 2934 dixerim
1180 2879 1243 2933 arte
1260 2871 1317 2933 im·

231 2973 319 3067 pleria
342 2984 646 3067 (capraecesyus'ua),
673 2985 825 3070 duplicem
850 2985 911 3049 fere
936 2986 1096 3050 continens
1113 2993 1174 3048 tam
1192 3007 1316 3049 couver-

154 3184 156 3186 Ὺ
230 3098 345 3160 sionem
377 3119 468 3182 quam
501 3099 697 3182 agnitionem.
740 3098 817 3162 Nam
843 3122 911 3162 cum
934 3099 1060 3162 Xuthus
1085 3097 1231 3182 ambiguo
1254 3120 1316 3161 ora·

230 3211 300 3274 cnlo
323 3211 468 3295 deceptus
492 3213 588 3276 filium
614 3235 644 3275 se
665 3235 756 3276 suum
772 3214 923 3276 invenisse
940 3213 1093 3297 opinatur,
1110 3213 1224 3276 Oreiisa
1241 3233 1314 3275 vero

230 3347 261 3388 se
284 3347 373 3390 suum
400 3327 590 3391 inventuram
618 3350 681 3390 esse
705 3327 862 3410 desperat,
890 3336 994 3390 contra
1011 3327 1084 3390 haec
1100 3348 1201 3390 revera
1216 3325 1312 3389 filium

230 3462 319 3503 suurn
345 3450 507 3524 agnoscet,
533 3441 584 3515 ille
608 3441 682 3503 falsa
707 3442 851 3524 opinione
875 3442 1010 3505 animum
1035 3438 1215 3515 oblectabit,
1235 3439 1318 3503 unde

231 3555 298 3629 flet,
333 3562 368 3617 ut
397 3552 504 3630 ambo,
537 3554 696 3619 orbitatem
729 3555 800 3619 olim
831 3562 1018 3631 moerentes,
1043 3554 1181 3618 contenti
1205 3553 1262 3616 ianr
1288 3562 1319 3616 et

230 3665 333 3729 felices
357 3685 432 3737 cum
452 3664 528 3728 Ione
552 3665 680 3749 Delphis
703 3666 827 3730 redeant
852 3666 997 3731 Athenas.
1033 3666 1103 3729 ntia
1127 3687 1195 3728 vero
1220 3687 1315 3748 eaque

231 3779 393 3862 praecipua
417 3777 585 3856 περιπέτειαι
613 3780 724 3843 actioni
746 3780 896 3864 implicita
920 3781 993 3844 haec
1017 3789 1081 3857 est,
1104 3778 1205 3863 quod,
1231 3788 1315 3866 post-

231 3914 320 3976 quam
353 3892 467 3957 Oreiisa
491 3893 596 3959 Ionem
622 3917 675 3978 per
699 3895 908 3980 paedagogum
933 3895 969 3958 de
994 3894 1095 3958 medio
1120 3893 1227 3957 tollere
1251 3901 1318 3956 teu-

231 4007 323 4083 tavit,
350 4006 399 4070 hic
423 4008 505 4072 felici
529 4030 600 4072 casu
626 4032 641 4072 e
666 4009 801 4093 periculo
826 4019 961 4079 servatus
986 4010 1084 4094 ipsam
1108 4007 1229 4072 sceleris
1245 4028 1318 4071 auc·

231 4127 326 4183 torem
359 4143 465 4203 parum
498 4120 583 4185 abest
614 4123 687 4206 quin
720 4122 869 4206 trucidet,
904 4123 994 4205 quale
1025 4122 1117 4185 ferme
1150 4121 1209 4183 luit
1232 4121 1315 4204 quod

232 4242 308 4295 teste
333 4212 498 4297 Aristotele
523 4235 555 4298 in
579 4233 685 4298 libello
710 4235 754 4298 de
779 4236 942 4319 poetica
966 4254 1166 4298 rnnouuoeus
1183 4235 1317 4318 tragicus

156 4399 159 4403 ,
232 4345 349 4410 invenit
372 4347 404 4410 in
428 4346 605 4430 Lynceo,
638 4349 690 4413 ubi
714 4351 726 4414 ὁ
750 4349 803 4425 μὲν
827 4349 964 4425 Λυγκεὺς
987 4348 1133 4425 ἀγόμενος
1153 4350 1190 4418 ὥς
1210 4349 1318 4411 dactu-
