3112 4914
628 387 883 434 concurramus.
948 384 950 388 ·
1234 367 1300 451 215

211 583 414 661 πετοίσαατα,
447 584 557 668 agique
589 606 632 648 rs.
667 586 752 648 1161
778 606 822 668 sq.
846 582 998 646 intellexit
1022 581 1059 646 de
1083 579 1297 646 venationibus

210 699 242 762 in
266 697 433 785 paradisis;
458 719 533 774 nec,
559 696 641 782 quod
667 697 757 782 vulgo
783 703 908 780 putant,
934 696 1085 780 pertinere
1101 695 1138 760 ad
1155 695 1297 759 Herculis

210 811 352 888 labores,
389 833 497 895 nempe
535 810 575 874 ad
607 809 795 886 Centauros,
835 810 873 873 ad
909 810 1080 894 aeripedem
1115 830 1233 873 cervam
1268 817 1298 872 et

214 924 381 988 Nemaeum
415 926 542 990 leonem.
586 923 633 989 01.
667 946 790 1010 quoqne
814 943 936 987 osunen
958 925 989 987 in
1015 923 1125 987 eximio
1149 923 1299 1006 opusculo

210 1039 256 1101 de
280 1037 429 1102 Iliadis
448 1037 630 1102 carmine
648 1037 817 1121 quodam
839 1037 1037 1113 Phocaico,
1055 1036 1181 1100 Bonnae
1199 1039 1296 1112 1875,

208 1175 276 1237 pag.
301 1158 382 1236 8sq.

256 1269 351 1332 1160.
383 1266 441 1335 Per
465 1266 620 1351 prolepsin
643 1267 805 1349 respicitur
828 1288 932 1350 pugna
956 1264 1129 1331 Salaminia.
1159 1264 1295 1329 Bennios.

208 1382 424 1460 εὐήρετμον
465 1399 523 1443 von
559 1380 682 1463 tragicis
715 1379 844 1463 propria.
880 1378 928 1442 01.
961 1377 997 1444 Ο.
1030 1377 1063 1444 C.
1097 1381 1179 1456 716,
1212 1379 1295 1442 Pers.

208 1495 283 1557 368.
308 1494 415 1557 -ad
439 1500 523 1565 ναῦς
547 1517 563 1556 e
587 1515 629 1556 vs.
654 1515 828 1577 praegresso
852 1493 953 1576 cogita
974 1498 1031 1556 τῶν
1053 1491 1220 1571 βαρβαρων.
1261 1474 1264 1480 ’

256 1610 350 1671 1161.
381 1605 427 1670 01.
451 1607 489 1670 ed
517 1609 610 1670 1159.
642 1605 716 1668 Post
739 1607 836 1684 ίιγρας
857 1605 924 1669 dele
945 1606 1093 1690 virgulam
1111 1627 1180 1669 cum
1198 1605 1294 1669 Badh.
1367 1588 1371 1597 .

254 1723 350 1786 1163.
382 1721 429 1783 De
457 1719 591 1804 Cecrope
620 1721 728 1803 partim
753 1720 877 1784 homine
903 1721 1011 1804 partim
1035 1730 1174 1803 serpente
1199 1719 1295 1783 videri

208 1841 337 1916 possunt
360 1832 495 1917 Apollod
519 1833 582 1910 III,
611 1835 668 1910 133
685 1832 809 1896 Tuetues
825 1832 863 1895 ad
880 1831 1030 1916 Lycophr.
1048 1836 1122 1896 111.
1146 1830 1293 1895 Fabulam

208 1946 279 2010 inde
303 1957 400 2010 ortam
424 1946 623 2024 crediderim,
649 1946 732 2030 quod
753 1945 884 2030 Cecrops
900 1948 1017 2031 primus
1035 1946 1208 2010 Atticorum
1226 1946 1295 2010 bar-

207 2057 320 2123 bariem
345 2082 454 2123 exuere
482 2060 600 2145 coepit,
626 2082 681 2124 nec
705 2068 806 2124 tamen
830 2061 954 2144 penitus
978 2061 1070 2124 exuit.
1095 2059 1219 2124 Musca.
1251 2062 1293 2123 At

206 2171 316 2235 similis
339 2173 399 2236 fuit
422 2170 527 2236 fabula
550 2172 588 2236 de
611 2172 831 2249 Erichthonio,
860 2194 954 2257 qnare
978 2172 1080 2235 nescio
1105 2193 1142 2235 en
1168 2172 1292 2256 potius,

206 2291 322 2366 spectet
353 2285 390 2348 ad
419 2286 674 2362 Atheniensium,
699 2308 760 2368 quo
784 2286 1003 2368 gloriabantur,
1029 2285 1111 2360 γένος
1135 2283 1290 2365 αὑτόχθον.

206 2396 252 2462 01.
284 2397 398 2461 Herod.
431 2398 457 2474 I,
492 2401 545 2464 78.
590 2399 691 2462 Aliam
725 2421 846 2462 causam
872 2379 1114 2464 comminiscitur
1136 2399 1291 2484 sophista,

207 2510 261 2593 qui
286 2511 458 2594 composuit
481 2512 649 2575 orationem
674 2512 850 2588 funebrem,
876 2534 954 2595 quae
977 2513 1075 2576 fertur
1092 2512 1150 2577 sub
1167 2513 1292 2576 nomine

206 2623 421 2687 Demosthenis
443 2627 460 2708 d
484 2627 535 2688 30.
570 2623 712 2688 Ceterum
737 2625 774 2688 cf.
799 2625 892 2689 Arist.
926 2623 1018 2709 Vesp.
1044 2628 1108 2688 436
1133 2620 1153 2690 ὦ
1176 2626 1290 2705 Κέκροψ

205 2734 273 2815 ίίρονς
304 2734 382 2812 ίιναξ
411 2737 453 2802 rot
481 2735 549 2815 πρὸς
577 2737 668 2801 ποδῶν
692 2739 872 2817 Δρακοντίδη
896 2747 927 2801 et
949 2738 1057 2822 lragm.
1082 2737 1188 2822 Eurip.
1214 2742 1289 2815 922,

205 2872 221 2912 e
252 2847 356 2913 fabula
390 2850 494 2913 nescio
531 2871 591 2933 qua
626 2851 756 2935 satyrica
790 2851 1024 2936 depromptum,
1060 2851 1143 2934 quod
1175 2853 1291 2915 tentavi

213 2964 379 3046 Ver-alopen
409 2962 463 3034 IV,
491 2967 519 3040 1,
547 2967 620 3028 111.
663 2963 757 3028 Recte
781 2986 852 3029 vero
876 2963 985 3028 Nauck
1011 2963 1055 3027 ibi
1079 2965 1188 3028 statuit
1212 2963 1292 3028 Her·

204 3097 381 3160 mogenem,
408 3077 461 3159 qui
485 3075 576 3140 verba
591 3076 689 3152 affert,
708 3075 875 3161 Cecropem
891 3076 1067 3140 confudisse
1080 3097 1148 3140 cum
1166 3075 1290 3141 Cadmo.

202 3188 275 3253 Non
311 3191 391 3253 enim
422 3190 491 3269 ille,
522 3161 580 3253 sed
608 3189 657 3253 hic
690 3190 741 3272 (cf.
774 3189 913 3254 Bacch.
946 3211 972 3253 r.
1004 3190 1070 3274 fin.)
1102 3189 1133 3252 in
1158 3212 1288 3274 anguem

203 3310 341 3366 mutatus
366 3309 421 3367 est.
457 3301 623 3386 Cecropem
646 3303 739 3385 διφνῖι
763 3304 825 3367 sive
849 3312 962 3380 γηγενῆ
985 3304 1092 3368 audire
1108 3311 1216 3368 notum
1234 3313 1288 3370 est.

251 3421 343 3482 1164.
367 3417 470 3502 Vulgo
491 3440 527 3481 ex
549 3417 694 3482 Hermaui
710 3419 884 3482 coniectura
900 3417 1014 3502 legitur
1028 3419 1187 3498 σπείραισιν
1198 3420 1303 3485 citior

201 3557 300 3597 σοντα.
348 3531 408 3596 Sed
443 3533 562 3596 nullum
595 3533 667 3596 novi
696 3533 843 3597 idoneum
877 3543 1049 3610 auctorem,
1083 3535 1136 3618 qui
1163 3534 1287 3599 ἑλίσσειν

202 3647 394 3731 usurpaverit
419 3622 481 3730 pro·
497 3647 672 3713 intercedet.
698 3646 853 3730 Hartungi
876 3647 1052 3710 coniectura
1075 3647 1206 3724 σπείραις
1222 3648 1286 3713 τίδ’

202 3759 353 3822 εἱλίσσοντ’
384 3758 434 3820 vix
466 3757 610 3842 cuiquam
640 3758 781 3843 placebit.
821 3759 968 3844 Stephani
1000 3760 1186 3823 correctione
1210 3761 1283 3845 quid

201 3872 319 3948 obstet,
344 3893 405 3935 non
429 3870 534 3948 video,
560 3872 619 3936 nisi
644 3873 726 3956 quod
749 3873 913 3956 praeferam
937 3873 1148 3939 ἀνειλίττοντα.
1216 3915 1217 3918 =

248 3988 343 4049 1166.
374 3995 582 4064 κρατῆρας.
627 3986 713 4050 Inter
739 3997 922 4050 crateras
947 3986 1111 4071 Delphicas
1134 3987 1285 4070 imprimis

120 4144 123 4146 -
201 4101 281 4163 fama
315 4098 546 4164 celebrabantur
581 4100 686 4165 Croesi
722 4100 856 4165 donaria.
902 4098 948 4162 01.
985 4098 1056 4164 Her.
1090 4099 1117 4176 Ι,
1156 4103 1206 4164 51.
1240 4136 1285 4148 —-

200 4212 308 4294 ίοκροισι
332 4251 376 4263 -
399 4213 475 4280 ποσί.
512 4213 559 4278 Cf.
583 4215 677 4300 Soph.
701 4214 781 4279 Phil.
808 4216 882 4289 tte,
910 4217 983 4290 824,
1008 4213 1081 4279 Eur.
1105 4212 1285 4296 Cycneae.

200 4329 251 4392 Sic
273 4328 380 4410 ίικροισι
404 4329 570 4394 δακτύλοισι
595 4329 664 4415 Iph.
687 4330 720 4396 Τ.
746 4332 809 4392 266
833 4336 864 4394 at
889 4328 999 4393 Bacch.
1021 4329 1104 4406 7093
1123 4327 1216 4415 Soph.
1235 4327 1283 4394 Αἰ.
