3112 4914
599 401 853 446 connnnronrns.
896 427 899 433 ·
1208 375 1272 441 217

186 619 308 660 munus.
341 595 519 659 Beonrnns
551 593 683 678 Insuper
699 594 764 657 fieri
780 601 895 678 potest,
918 600 952 658 ut
973 591 1273 679 poetaeobversetus

186 711 227 774 sit
261 711 346 774 loeus
379 709 562 773 Homericus
593 707 631 771 de
663 707 803 771 Vulcano
835 707 979 792 pincerna
1011 708 1043 771 in
1069 707 1165 791 primo
1190 703 1270 769 libro

187 824 305 888 Iliadis.
331 822 422 903 Quod
446 823 510 887 illio
534 831 581 887 est
604 822 783 887 ποιπνύοντα
806 822 856 886 hio
879 822 979 886 lenius
1003 821 1120 884 dietum
1140 819 1274 900 πρόθυμα

186 936 332 1020 προύσσυν.
369 937 444 1001 Rem
468 945 570 1001 tamen
594 959 656 1000 non
680 943 811 1021 praesto.
881 939 896 962 ²

235 1054 327 1117 1173.
349 1057 489 1131 κρωσσῶν.
515 1049 598 1136 Cyol.
616 1054 657 1114 89
675 1058 765 1114 vocat
780 1051 923 1131 κρωσσοὺς
936 1048 1079 1129 ύδρνιλούς.
1100 1047 1180 1112 Sunt
1192 1047 1273 1112 enim

187 1186 328 1243 urnae,
362 1165 537 1249 hydriae.
573 1163 620 1229 cf.
651 1162 744 1249 Soph.
776 1162 814 1228 Ο.
840 1163 873 1229 Ο.
905 1166 980 1240 478,
1007 1165 1061 1227 Ar.
1087 1162 1171 1227 Eeol.
1198 1165 1273 1227 677.

186 1278 244 1341 Sed
269 1279 358 1342 etiam
383 1279 489 1343 urcei
513 1279 556 1342 ita
576 1266 736 1343 dicuntur.
762 1276 808 1342 Cf.
832 1277 941 1342 Aesoh.
966 1276 1003 1341 fr.
1030 1280 1072 1340 96
1096 1277 1169 1353 μηδὲ
1184 1300 1274 1357 κρωσ-

185 1392 251 1462 σούς
274 1390 344 1468 μήτ’
369 1393 488 1471 οἷννροὺς
511 1392 579 1468 μήθ’
602 1391 757 1471 ύδαπνροὺς
781 1391 890 1456 λείπειν
913 1393 1047 1472 θφνεοῖσι
1071 1389 1194 1467 δόμοισι.

236 1509 328 1569 1174.
363 1506 408 1568 De
432 1506 555 1583 νίπτροις
580 1505 648 1569 vide
666 1527 755 1589 quem
772 1505 953 1588 interpretes
970 1504 1066 1568 nitent
1083 1503 1196 1568 Athen.
1213 1501 1272 1579 IX,

187 1642 216 1704 p.
240 1622 306 1686 408
332 1628 361 1683 et
385 1620 423 1682 de
446 1620 626 1695 θυμιάμασιν
649 1618 737 1694 XIV,
762 1642 791 1703 p.
816 1621 877 1687 641
897 1616 929 1682 F.
955 1618 1112 1681 Dlnnonr.
1144 1615 1204 1680 Hie
1227 1616 1275 1679 in-

187 1733 392 1818 tellegendum
429 1733 512 1816 quod
548 1734 670 1818 proprie
685 1819 687 1823 y
702 1732 816 1797 dieitur
845 1729 1058 1812 μετύνιπτρον,
1091 1729 1173 1814 quod
1205 1734 1275 1813 post

187 1869 310 1911 coenam
335 1857 363 1910 et
389 1855 460 1911 ante
483 1847 689 1932 symposium,
714 1869 775 1911 non
793 1843 862 1926 ὕδωρ
874 1846 956 1910 κατα
975 1844 1087 1925 χειρός,
1105 1843 1274 1932 quodente

187 1982 312 2024 coenam
336 1960 539 2026 fundebatur..
560 1961 737 2045 Utrumque
760 1965 910 2026 memorat
935 1957 1155 2043 Aristophanes
1181 1955 1273 2040 Vesp.

188 2078 273 2138 1216
295 2097 338 2158 sq.
374 2071 466 2155 ὕδωρ
496 2074 599 2139 κατθο
629 2073 779 2154 χειρθς·
812 2076 869 2145 σύος
893 2071 1044 2154 τραπέζας
1068 2067 1254 2159 domimini

186 2190 371 2266 δειπνοῦμεν·
393 2187 694 2266 ἀπονενίμμεθ’·
718 2188 770 2262 ἤδη
793 2187 961 2263 σπένδομεν.

237 2303 328 2366 1174.
352 2309 448 2382 χεροῖν
472 2311 517 2365 est
543 2301 672 2365 Dativus
697 2301 850 2364 commodi
873 2323 935 2363 non
960 2298 1167 2362 instrumenti.
1199 2297 1275 2360 Mox

188 2415 306 2491 ἔπεμπε
329 2416 572 2499 interpretantur
594 2413 805 2478 fundebat.
830 2412 962 2477 Nullum
987 2411 1088 2475 locum
1111 2410 1199 2486 novi,
1220 2407 1275 2472 ubi

188 2529 314 2594 verbum
346 2529 486 2593 similiter
519 2529 580 2592 vidi
613 2538 811 2614 usurpatum,
844 2537 875 2592 et
899 2527 1008 2592 dubito
1035 2551 1109 2592 num
1134 2526 1274 2590 sollemni

188 2643 319 2707 formula
343 2643 419 2724 χούς
444 2644 572 2721 πέμπειν
596 2644 669 2706 setis
694 2642 885 2707 defendatur.
914 2640 1004 2706 Certe
1027 2642 1129 2726 aptius
1155 2639 1276 2704 videtur

189 2756 270 2842 quod
296 2759 327 2821 in
353 2759 489 2840 margine
513 2756 602 2840 posui
625 2755 756 2834 ε’πένεμε.
789 2755 836 2819 De
859 2755 968 2836 ε’πέχεε
993 2777 1055 2819 non
1077 2761 1179 2839 potest
1194 2752 1274 2837 eogi-

189 2871 264 2946 tari,
291 2871 448 2954 quianon
473 2870 615 2947 Aoristo‚
639 2869 690 2933 sed
716 2869 899 2954 Imperfeoto
923 2891 1000 2953 opus
1024 2879 1079 2933 est.

233 2982 279 3048 Ib.
303 2982 540 3063 νύξεθυμία,
564 2983 768 3047 suffiendi
792 3005 915 3047 neusa
935 2981 1139 3047 adolebat.
1163 2981 1275 3045 Athen.

189 3098 208 3162 1.
224 3097 244 3162 l.
269 3096 286 3172 t
307 3120 345 3174 ys
363 3099 415 3171 rhu
431 3099 542 3170 πολλὴν
558 3097 690 3172 δαπύννρν
709 3098 738 3160 ἐν
753 3104 813 3168 τοῖς
829 3097 950 3168 δείπνοις
966 3095 1141 3175 παρέχουσιν
1156 3093 1275 3172 δευτέρα

188 3211 323 3292 τρύπεζα
352 3211 540 3289 προσεγένετο
571 3211 620 3275 καὶ
652 3211 792 3292 στέφανοι
822 3208 873 3274 καὶ
903 3210 983 3289 μύρα
1000 3207 1063 3274 ’καὶ
1087 3209 1274 3286 θυμιοθματα.

189 3326 368 3389 Βοουοοῐιε.
409 3324 564 3387 Pedestris
586 3325 762 3398 Atticorum
787 3323 884 3387 oratio
908 3323 1007 3387 utitur
1031 3321 1122 3387 verbo
1145 3319 1277 3406 simplici

189 3441 303 3516 θυμιᾶν.
340 3437 492 3502 Homerus
524 3435 645 3501 dicebat
677 3438 766 3518 θύειν,
803 3437 929 3519 eiusque
956 3437 1128 3523 exemplum
1152 3443 1276 3499 secutus

190 3560 236 3616 est
259 3552 424 3636 Sophocles
449 3551 561 3615 Electr.
586 3553 662 3628 632,
687 3551 741 3633 qui
765 3549 879 3614 ibidem
898 3554 962 3614 664
978 3550 1100 3625 θύματα
1117 3547 1277 3632 usurparit

190 3688 245 3752 pro
267 3666 454 3743 θυμιύματα.

236 3783 332 3846 1176.
363 3780 533 3859 σμύρνης
556 3779 710 3859 ἱδρῶτα.
746 3779 867 3844 Plinius
891 3778 930 3843 N.
955 3777 994 3842 H.
1018 3777 1093 3855 XII,
1122 3779 1179 3840 lo:
1215 3776 1277 3840 Su·

191 3893 288 3958 dant
311 3901 441 3957 nutem
467 3902 630 3978 sponte,
652 3893 897 3978 priusquam
915 3890 1168 3967 incidantur,
1186 3898 1276 3953 steo-

190 4019 258 4074 ten
289 4010 461 4093 dictum,
492 4009 558 4072 cui
589 4007 708 4072 nulla
731 4007 978 4091 praefertur.
1015 4001 1275 4078 Of.Di0soor.1,

192 4124 245 4187 78.
278 4121 402 4184 Mosen.
852 4099 856 4104 .

219 4235 333 4328 41176.
357 4234 445 4305 αὐτὸς
469 4272 513 4284 -
536 4236 619 4300 πθνον
642 4243 688 4298 est
712 4233 793 4319 quod
814 4255 878 4298 uno
898 4231 1046 4297 vocabulo
1066 4231 1180 4295 dicitur
1194 4232 1278 4295 αύτο-

189 4351 352 4421 κέλενστος.
