3112 4914
276 351 340 417 114
691 371 942 416 corruperamus

273 563 461 628 afferendum
485 586 615 648 sponsae
639 564 691 628 dat
715 573 807 649 pater.
849 563 941 644 Quod
966 573 1066 628 tamen
1091 565 1253 629 discrimen
1279 566 1356 629 locis

273 677 455 760 scriptorum
480 699 542 741 non
566 678 638 740 satis
663 678 874 755 confirmatur,
897 700 997 763 neque
1020 681 1197 761 agnoscitur
1221 701 1237 740 a
1258 702 1356 762 gram-

241 816 254 829 *
271 791 400 856 maticis.
432 789 479 856 Of.
512 790 621 854 Pollux
647 790 707 866 ΙΙΙ,
735 795 786 866 35,
812 791 901 855 Phot.
926 815 949 856 s.
966 814 1009 868 v.,
1034 790 1135 876 Etym.
1161 816 1200 857 m.
1224 816 1252 876 p.
1279 796 1352 857 790.

255 904 321 969 ab
351 927 409 969 usu
441 904 579 968 vocabuli
604 903 687 985 προίξ
711 913 744 967 ut
759 905 940 968 ,humilioris
963 907 1132 969 cothurnus
1157 928 1280 990 prorsus
1304 905 1355 970 ab·

271 1018 396 1094 stinuit,
429 1040 484 1082 nec
507 1017 634 1081 verbum
657 1017 891 1098 καταπροίξομαο
921 1019 1003 1102 apud
1030 1020 1163 1104 tragicos
1191 1021 1352 1104 reperitur.

270 1131 341 1196 Solo
364 1129 507 1197 adverbio
531 1139 634 1212 προῖκα
658 1132 750 1195 semel
774 1155 849 1197 usus
873 1141 919 1196 est
942 1132 1107 1217 Sophocles
1131 1134 1166 1198 fr.
1193 1137 1265 1198 779.

315 1248 391 1309 299.
425 1245 499 1310 σύν.
535 1245 580 1309 De
613 1246 809 1330 quaestione,
843 1244 896 1309 ubi
927 1246 1002 1309 haec
1027 1248 1209 1330 praepositio
1234 1270 1287 1330 per
1310 1260 1336 1312 Σ
1346 1299 1355 1333 ‚

269 1358 323 1422 ubi
348 1381 402 1443 per
425 1367 445 1426 Ξ
469 1358 628 1422 scribenda
652 1359 691 1421 sit
708 1357 790 1441 apud
807 1359 953 1441 tragicos,
974 1361 1156 1425 sententiam
1173 1382 1270 1423 meam
1288 1361 1353 1444 plu·

269 1471 354 1536 ribus
385 1473 512 1556 exposui
550 1474 580 1536 in
620 1473 808 1557 praefatione
841 1472 878 1535 ad
914 1472 1069 1539 editionen
1106 1495 1202 1537 meam
1240 1473 1352 1559 Oedipi

269 1584 370 1669 Regis.
404 1585 453 1648 Ad
479 1608 569 1670 qnam
594 1585 738 1649 lectorem
762 1585 874 1668 relego.
918 1584 990 1650 Non
1015 1587 1151 1668 persuasi
1176 1587 1353 1663 Dindorfio,

269 1720 361 1781 quem
393 1699 461 1762 vide
492 1700 524 1763 in
556 1698 669 1763 Lexico
700 1698 872 1781 Sophocleo
902 1720 987 1762 suam
1017 1720 1140 1783 quoque
1164 1699 1354 1784 aliorumque

269 1812 430 1896 opiniones
463 1821 673 1895 exponentem.
719 1810 801 1891 Quia
833 1833 895 1875 non
927 1818 1014 1875 vacat
1046 1834 1127 1876 nuno
1156 1812 1259 1876 eadem
1284 1814 1356 1877 dili-

269 1925 373 2008 gentia
396 1926 428 1988 in
452 1947 542 1989 usum
567 1925 768 2009 Euripideum
784 1925 952 2009 inquirere,
970 1935 1112 2008 quatum
1130 1948 1220 1988 usum
1237 1925 1353 2011 Sopho·

270 2037 368 2102 eleum
389 2038 534 2120 indagare
550 2046 680 2101 conatus
697 2059 775 2114 sum,
796 2038 827 2100 in
845 2037 901 2101 hac
920 2038 1054 2101 editione
1071 2039 1199 2113 codices,
1218 2038 1355 2103 ubicum-

270 2171 330 2232 que
362 2157 494 2214 metrum
524 2150 697 2233 permittat,
724 2171 829 2213 coecos
853 2151 991 2233 quamvis
1015 2150 1108 2217 duces
1131 2151 1218 2235 sequi
1241 2153 1350 2230 malui,

269 2285 359 2347 quam
393 2263 599 2346 obtemperare
623 2271 858 2346 praeconceptae
881 2264 973 2327 alicui
998 2263 1167 2342 doctrinae3
1192 2265 1273 2329 idem
1296 2266 1354 2330 fao·

269 2383 358 2440 turus
388 2377 420 2440 in
452 2376 675 2460 praepositione
704 2378 744 2446 εἷς
768 2376 814 2438 vel
838 2377 867 2447 ἐς
892 2374 1068 2453 scribenda,
1094 2375 1131 2438 de
1155 2398 1217 2460 quo
1241 2387 1350 2441 notum

270 2498 315 2554 est
346 2488 421 2574 quid
453 2489 641 2574 praeceperit
672 2488 814 2572 Dindorf.
861 2486 933 2551 Non
964 2489 1060 2571 magis
1091 2509 1200 2572 sequar
1222 2490 1352 2554 eundem
1377 2493 1382 2500 “

268 2603 299 2666 in
332 2603 479 2666 mutando
513 2603 697 2687 ubicumque
720 2611 851 2666 metrum
875 2603 1031 2686 permittat
1054 2603 1124 2680 ἱερός
1148 2604 1180 2667 in
1203 2603 1276 2680 ἱρός,
1301 2608 1351 2669 eui

267 2717 339 2781 crisi
371 2716 438 2779 vide
469 2716 544 2800 quid
568 2739 666 2800 nuper
689 2716 867 2800 opposuerit
892 2735 919 2778 o.
943 2736 971 2779 r.
995 2734 1142 2779 MUBLLER
1165 2717 1197 2780 in
1223 2717 1299 2780 utili·
1318 2719 1351 2781 li-

267 2829 348 2894 bello
371 2830 414 2893 de
438 2829 599 2913 pedibus
624 2829 767 2892 solutis
791 2836 861 2894 cett.
885 2851 952 2913 pag.
982 2830 1017 2892 17
1036 2850 1103 2912 sqq.

312 2946 385 3009 300.
409 2942 515 3006 Minus
538 2953 676 3005 accurate
699 2942 882 3028 respondere
905 2942 1027 3007 videtur
1049 2940 1171 3005 creusa.
1197 2941 1278 3005 Nam
1300 2944 1350 3006 vix

266 3054 423 3140 probabile
447 3063 493 3119 est
517 3055 658 3119 Xuthum
685 3077 839 3120 unacum
864 3079 899 3118 ea
923 3055 1058 3138 Delphos
1077 3055 1212 3129 venisse,
1232 3065 1261 3118 et
1277 3056 1350 3121 inde

265 3169 434 3252 profectum
466 3169 561 3232 fuisse
585 3167 623 3231 ad
646 3166 816 3250 Trophonii
840 3166 1089 3251 antrum‚quod
1113 3167 1222 3251 procul
1248 3165 1351 3233 aberat

264 3283 296 3346 in
315 3282 450 3346 Boeotia.
473 3281 585 3345 Nonne
602 3283 704 3365 potius
721 3281 779 3345 hoc
792 3280 956 3344 dicendum
970 3290 1048 3344 erat:
1068 3301 1139 3343 una
1157 3280 1263 3343 domo
1278 3303 1352 3364 pro-

264 3394 356 3457 fecti
372 3416 515 3470 sumus,
533 3394 595 3456 sed
613 3393 679 3457 ille
696 3394 737 3457 de
755 3394 812 3457 via
828 3393 1005 3469 devertit,
1023 3399 1059 3479 et
1073 3415 1166 3457 nunc
1184 3402 1351 3457 versatur

264 3509 301 3572 in
325 3508 536 3593 Trophonii
560 3509 688 3583 antro?
725 3509 856 3594 Insuper
878 3508 1026 3588 ἕοοτρέφεο
1051 3528 1128 3570 nove
1153 3506 1270 3571 dietum
1296 3530 1350 3591 pro

266 3621 513 3707 (οὶνα)οτρέφεταο
537 3624 579 3699 ἐν,
608 3622 688 3698 sive,
713 3630 749 3686 ut
772 3623 863 3686 habet
888 3621 1039 3705 glossator
1061 3619 1099 3682 ad
1123 3619 1152 3682 h.
1177 3618 1215 3695 1.,
1239 3621 1349 3701 ἐνστρέ-

144 3819 147 3824 ,
263 3742 354 3815 Φεταο
373 3741 413 3815 τῷ
435 3742 485 3800 τοῦ
508 3735 672 3815 Τροφωνίου
689 3741 775 3819 σηκῷ.
803 3737 906 3799 Animi
923 3757 1015 3799 causa
1031 3732 1204 3798 memorabo
1221 3731 1350 3809 Reiskii,

263 3849 317 3933 qui
344 3851 374 3912 in
399 3850 521 3932 tragicis
546 3846 742 3913 emendandis
767 3858 811 3911 est
836 3871 916 3912 unus
940 3849 1075 3912 omnium
1099 3846 1348 3922 infelicissimus,

262 3963 484 4027 coniecturam:
501 3963 697 4043 ἐκστρέφει
718 3961 864 4025 everrit
880 3962 988 4044 quasi
1005 3981 1165 4044 corpore
1181 3980 1256 4022 suo.
1281 3957 1350 4021 Hoc

261 4074 377 4138 scilicet
399 4074 541 4136 convenit
566 4075 698 4156 tragicae
721 4074 882 4156 gravitati!
908 4071 1052 4136 Ceterum
1075 4073 1223 4151 ἔνοτρέφεο
1240 4091 1348 4133 sanum

260 4209 325 4251 esse
349 4185 436 4249 valde
460 4193 490 4249 et
514 4206 569 4268 ego
593 4182 721 4261 dubito,
756 4193 785 4247 et
810 4185 981 4261 dubitavit,
1006 4193 1043 4248 ut
1068 4183 1174 4259 video,
1199 4180 1346 4246 Badham.

259 4299 411 4383 Equidem
427 4299 467 4362 ob
480 4306 640 4380 utramque
656 4296 867 4363 difficultatem
881 4297 1021 4381 suspicor
1032 4296 1136 4360 locum
1148 4317 1211 4359 non
1223 4304 1347 4359 tantum
