3112 4914
232 354 297 418 216
650 372 903 420 conuuurrerus.

232 565 323 647 dddn’
346 565 463 647 ἕφώιιεις
486 567 559 630 κατ’
581 564 674 646 ἄκρων
697 566 871 646 ὦδιιτόρεις,
898 569 951 634 ubi
972 570 1067 637 schol.
1089 579 1236 636 memorab
1253 596 1319 658 pro-

232 679 366 744 verbium
400 681 446 743 s'a’
478 678 569 760 dapar
600 679 720 761 ὀνύχων.
756 681 803 748 Of.
837 682 961 747 Lobeck
993 685 1031 748 ad
1059 685 1089 752 h.
1113 686 1132 751 l.
1168 686 1218 751 Sic
1242 689 1320 768 ακριὶ

229 796 295 874 χείρ
326 795 394 879 Iph.
428 797 465 860 A.
497 798 571 871 951,
602 795 670 860 1141.
705 799 800 874 1444,
828 797 935 871 ὠλένας
967 797 1061 879 ἄκρας
1086 800 1163 884 ,Iph.
1186 801 1220 866 Τ.
1245 804 1319 878 286,

230 915 323 988 χερῶν
347 906 449 988 ἄκρους
472 908 576 980 κτένας
602 910 710 973 Aesch.
735 912 794 994 Ag.
822 912 918 975 1594.

227 1109 230 1114 .
278 1025 372 1086 1167.
395 1024 542 1088 ιὶιεῖιιε.
567 1021 705 1087 Verbum
726 1024 873 1089 sollemne
892 1025 929 1089 de
953 1048 1164 1110 praecone.
1189 1027 1236 1093 Ol.
1252 1029 1319 1114 Iph.

232 1140 268 1203 A.
293 1140 389 1202 1564.

280 1253 375 1315 1169.
406 1251 570 1332 εὐόχθου
594 1253 729 1331 βορᾶς,
755 1275 906 1323 coenae
930 1254 1091 1333 lautae,
1116 1257 1320 1340 opiparae.

230 1364 430 1449 Bacchylides
454 1389 501 1450 ap.
526 1366 599 1430 Aah.
622 1365 651 1428 V
671 1389 700 1450 p.
720 1367 821 1432 178ss
839 1369 1002 1445 αὐτόματοι
1014 1367 1038 1433 δ’
1054 1370 1174 1446 alnaldo
1187 1370 1320 1442 δαῖτας

232 1480 404 1559 εὐόχθους
428 1480 603 1559 ἐπέρχονται
626 1480 726 1545 δίκαιοι
750 1486 858 1561 Φῶτες.
890 1481 1026 1547 Verbum
1050 1485 1179 1564 εὐιχθεῑν
1203 1491 1250 1547 est
1272 1505 1319 1567 ap.

234 1592 360 1657 Hesiod
385 1591 465 1677 Opp.
489 1597 562 1659 475.

281 1708 377 1770 1176.
417 1709 583 1791 Ver-alcyon
614 1707 670 1784 IV,
704 1712 735 1785 2,
766 1731 795 1792 p.
832 1709 892 1772 175
924 1709 957 1772 in
982 1709 1039 1774 lroc
1063 1732 1151 1773 versu
1175 1710 1317 1794 detegere

232 1821 310 1885 milri
345 1821 468 1887 videbar
499 1823 608 1886 veteris
640 1822 767 1886 lacunae
798 1823 1063 1907 supplementum,
1098 1823 1181 1908 qnod
1214 1845 1319 1908 parum

235 1937 388 2021 eleganter
418 1944 488 2022 post
515 1935 606 2001 verba
629 1939 665 2009 ὡς
689 1936 713 2001 δ’
736 1937 882 2018 ἐπληρώθη
906 1939 1259 2014 1111411111ἕτλήραιιι5ς
1283 1939 1318 2013 δ’,

234 2061 264 2114 et
288 2073 385 2115 sermo
409 2051 549 2134 poeticus
573 2051 675 2134 potius
698 2052 785 2128 θυμόν
809 2074 900 2135 quam
926 2054 1029 2132 ψυχήν
1053 2052 1107 2117 hac
1124 2052 1155 2115 in
1173 2075 1203 2115 rc
1220 2051 1320 2134 requi·

233 2163 328 2228 rebat.
364 2163 409 2229 Of.
441 2175 558 2248 praeter
590 2165 756 2229 Homerum
788 2164 881 2250 Soph.
914 2165 950 2230 Ο.
981 2165 1014 2231 Ο.
1048 2168 1129 2240 778,
1160 2166 1215 2229 Ρ11.
1240 2167 1318 2229 324.

234 2279 372 2362 Utraque
404 2287 504 2341 tamen
537 2301 629 2342 causa
661 2279 824 2343 dubitandi
855 2280 937 2343 iusto
961 2303 1045 2345 nuuc
1069 2280 1163 2345 levior
1187 2278 1318 2342 videtur.

230 2391 316 2456 Nam
341 2401 371 2457 et
395 2393 528 2457 variatur
552 2416 570 2456 a
592 2401 683 2478 poeta
706 2395 737 2457 in
760 2392 843 2457 verbi
864 2394 960 2458 forma
980 2404 1010 2457 et·
1030 2394 1136 2478 lingua
1155 2392 1321 2476 Euripides

234 2504 325 2571 uerba
358 2506 509 2590 pedestria
540 2506 592 2600 (cf.
625 2507 663 2569 ad
694 2509 794 2591 1165)
818 2529 878 2570 non
905 2506 992 2570 anxie
1017 2506 1207 2576 reformidat.
1234 2505 1320 2585 ψυχή

234 2627 336 2683 autem
366 2619 404 2683 de
435 2618 495 2684 cibi
522 2628 674 2703 potusque
703 2620 893 2704 appetitu
921 2620 1003 2703 apud
1027 2642 1134 2704 prosae
1160 2620 1321 2703 scriptores
1400 2692 1402 2697 .

235 2757 297 2798 non
321 2756 421 2798 rarum
445 2741 502 2797 est.
538 2732 686 2797 011141.
712 2731 782 2818 Oyr.
804 2733 859 2809 VI,
883 2739 912 2810 2,
939 2737 988 2810 ll,
1009 2733 1101 2812 VIII,
1124 2738 1153 2810 7,
1178 2739 1209 2810 2,
1229 2734 1320 2799 Mem.

235 2845 261 2923 I,
297 2850 326 2922 2,
354 2849 385 2909 4.
427 2844 530 2925 Quare
561 2854 776 2911 removeantur
806 2867 920 2928 quaeso
953 2847 1065 2910 uncini.
1109 2846 1180 2910 Alia
1207 2869 1253 2909 res
1278 2855 1322 2909 est

235 2958 318 3044 apud
348 2967 487 3022 nostrum
519 2959 550 3022 in
583 2959 697 3024 Alcest.
730 2961 804 3036 795,
836 2958 890 3023 ubi
923 2959 1014 3023 verba
1042 2959 1126 3024 ‘colob'
1143 2959 1323 3038 ὑπερβαλὼν

237 3072 353 3147 πύλας,
385 3072 444 3135 isto
478 3071 545 3136 loco
577 3095 683 3156 parum
702 3085 803 3157 apta,
836 3096 873 3137 ex
900 3096 941 3138 vs.
968 3077 1031 3137 829
1058 3075 1095 3137 ad
1121 3073 1322 3159 supplendam

238 3187 377 3251 lacunam
410 3186 521 3251 inserta
546 3211 609 3252 esse
635 3189 783 3274 suspicor.
824 3187 949 3280 Quippe
974 3189 1136 3254 Herculem
1164 3190 1236 3254 haec
1260 3189 1323 3252 col·
1387 3245 1389 3248 ,

239 3302 325 3386 loqui
356 3324 424 3365 curn
457 3324 542 3366 servo
573 3302 675 3366 foris
698 3303 850 3380 adstanti,
878 3303 952 3368 dum
975 3305 1040 3388 ipse
1065 3305 1148 3367 intus
1174 3311 1236 3379 est,
1261 3325 1323 3366 non

238 3416 327 3479 facile
361 3416 496 3480 adducar
527 3428 561 3480 ut
594 3417 725 3482 credam.
771 3417 867 3481 Poeta
899 3440 927 3481 v.
953 3439 977 3483 c.
1010 3419 1140 3482 scribere
1164 3416 1321 3501 potnit:

240 3530 298 3593 τίει
321 3532 385 3605 μεθ’
410 3533 488 3606 ἡμῶν
512 3531 725 3614 (κατακλινεὶς.
750 3532 838 3595 aialdu
860 3531 951 3615 κάρα)
970 3529 1126 3612 στεφάνοις
1151 3530 1321 3604 πυκασθείς,

239 3642 299 3709 uri.
341 3643 460 3706 Ibidem
490 3645 552 3706 831
571 3666 614 3726 sq.
639 3666 700 3707 non
725 3643 856 3708 diffiteor
879 3644 956 3708 mihi
981 3653 1123 3729 suspecta
1147 3666 1211 3706 esse
1235 3641 1325 3707 verba

240 3755 320 3840 κᾷτα
344 3795 387 3805 -
411 3757 586 3833 πυκασθείς,
611 3779 688 3840 quae
709 3758 839 3842 (scripto
858 3757 945 3829 οὕτως
963 3780 1018 3842 pro
1034 3755 1119 3839 οὕτω)
1133 3757 1215 3820 salvo
1228 3766 1324 3820 metro

239 3873 387 3937 removeri
422 3873 549 3957 possint.
593 3870 677 3951 Quin
711 3878 811 3936 tamen
844 3872 1015 3940 habeantur
1045 3895 1099 3957 pro
1130 3871 1322 3956 Euripideis,

241 3986 455 4070 nonobuitar.
553 4047 555 4054 .

289 4101 383 4165 1171.
415 4099 536 4162 Inserui
559 4098 667 4183 λάθρα,
695 4099 732 4163 01.
759 4102 832 4164 851.
875 4100 1036 4184 Veralapca
1066 4101 1087 4164 l.
1111 4099 1132 4163 l.

287 4216 381 4278 1172.
413 4214 537 4289 alnou
568 4213 593 4278 δ’
620 4213 738 4289 ἔθηκε.
784 4215 908 4279 Mensae
942 4215 1119 4278 ministrans
1155 4237 1189 4278 ao
1220 4215 1323 4277 vinum

241 4328 391 4405 lundene,
426 4328 509 4413 quod
542 4352 703 4414 puerorum
731 4330 790 4393 luit
817 4351 879 4393 non
902 4328 1141 4412 grandaevorum
1166 4328 1323 4394 hominum
