3112 4914
290 356 356 422 204
701 381 953 430 conuicerimus.

337 573 432 634 1118.
465 571 640 648 ἔτευξεν,
673 574 693 637 1.
718 597 744 638 e.
775 575 923 654 ε’τοῖνσεν,
954 598 1009 660 pro
1033 576 1192 658 ἐξεῦρεν
1215 579 1373 646 emendavi

289 683 326 746 ad
351 683 388 748 Ο.
412 684 448 747 R.
474 707 540 770 pag.
566 688 616 752 89.
641 686 1372 774 Ηυουο1614ιτδνοῖλήτοινεὐδιιῖρκονιιτεόχει,

289 797 395 862 Aesch.
419 797 508 863 Eum.
533 801 722 866 618τοιὸι
746 802 881 880 τόλιοωιι
903 804 952 867 aa}
978 805 1101 883 οτροιτδν
1127 804 1238 881 τεύξω
1262 807 1371 882 μόνον.

289 909 336 972 Ad
368 911 499 975 colorem
530 915 675 978 orationis
706 916 743 978 ct.
768 915 887 980 Heracl.
913 918 995 980 233:
1023 918 1075 990 τὴν
1098 917 1123 981 δ’
1146 918 1293 996 εὐγένειον
1317 929 1371 993 τῆς

286 1022 382 1103 τόχνς
406 1025 558 1103 νικωμένην
581 1028 707 1091 εἰσεῖδον.

336 1139 429 1202 1119.
452 1137 624 1220 όντιόζω
647 1143 675 1204 τ’
698 1141 833 1212 ἱκέτις.
869 1140 969 1206 Simili
997 1140 1185 1207 abundantia
1207 1143 1372 1228 Sophocles

286 1249 390 1321 ἱκέσιός
414 1275 447 1314 σε
470 1251 609 1328 λόοοοριοιι
633 1253 706 1317 Ant.
732 1256 816 1317 1230
842 1255 1133 1332 θ1ἱκετ1ρςὶκνοῦμκι
1150 1255 1279 1321 Philoet.
1297 1260 1372 1321 470.

335 1366 428 1427 1120.
459 1363 631 1429 Sententia:
657 1367 691 1428 si
716 1367 818 1430 enim
842 1368 1150 1446 resciverimus,
1175 1391 1268 1453 quae
1292 1392 1371 1434 sors

286 1497 356 1539 nos
389 1487 562 1556 maneat,
595 1480 679 1543 sive
711 1501 814 1542 mors
837 1479 915 1542 sive
939 1481 1041 1559 vita,
1065 1481 1276 1546 libentius
1299 1504 1370 1545 mo·
1407 1563 1408 1566 Ἴ

286 1589 445 1657 riemur.
468 1592 556 1656 Nihil
580 1594 636 1657 hac
660 1594 876 1658 incertitudine
898 1596 1037 1680 gravius!
1063 1594 1217 1681 Cogitatio
1237 1598 1261 1662 εἰ
1277 1600 1369 1663 όοινεῖν

284 1703 377 1782 χρεόν
400 1705 431 1767 in
457 1706 512 1769 hac
536 1706 687 1771 sententia
709 1707 753 1769 ita
776 1709 943 1790 praevalet,
968 1715 1002 1771 ut
1020 1709 1093 1773 huic
1109 1718 1229 1774 tantum
1245 1732 1370 1794 respon·

286 1814 357 1879 deut
391 1818 544 1902 epodosis,
565 1819 638 1895 ἣδιον
671 1820 707 1885 tv
741 1819 889 1899 όόνυιριεν,
924 1843 980 1886 ncc
1011 1823 1189 1888 crediderim
1213 1824 1251 1887 ad
1281 1823 1371 1888 verba

285 1928 335 1993 ur
364 1967 408 1980 -
438 1931 515 2013 φόος
539 1955 609 1996 cum
633 1933 766 1998 Heathio
791 1942 893 1998 mente
916 1935 1122 2020 supplendum
1146 1958 1211 1999 esse
1234 1934 1306 2011 ἣδιον
1331 1936 1367 2001 όιν

284 2042 408 2120 βιοῖμεν.
456 2044 574 2109 Similia
613 2047 700 2130 plura
738 2047 838 2131 legere
873 2070 919 2111 me
943 2048 1086 2128 memini,
1110 2070 1192 2113 nunc
1216 2050 1367 2113 succurrit

286 2154 400 2220 Phoen.
434 2161 515 2235 533,
551 2158 604 2223 ubi
631 2160 669 2223 de
691 2160 856 2224 ambitione
880 2160 1009 2229 dicitur:
1035 2162 1161 2233 πολλοὺς
1185 2159 1208 2225 δ’
1228 2163 1258 2233 ἐς
1281 2160 1369 2233 οἴκους

284 2271 333 2333 aot
358 2271 457 2343 πόλεις
480 2274 651 2349 εόδκόροονκς
672 2272 677 2361 Ι
698 2275 856 2348 εῖτιῖλόε
876 2273 1033 2350 κάξῆλθ’
1061 2277 1117 2340 εἰτ’
1140 2274 1278 2356 ὀλέθρῳ
1300 2280 1369 2340 τῶν

284 2365 507 2464 χρωμένων·
528 2387 533 2474 Ι
554 2387 603 2468 ἐφ’
623 2385 641 2469 ᾖ
663 2389 699 2452 σὺ
722 2388 836 2470 μκόνει,
862 2386 916 2451 ubi
933 2389 1133 2452 necessarium
1150 2397 1226 2472 puto
1244 2389 1303 2470 ὑφ’
1322 2387 1369 2470 ᾖς.

285 2495 365 2561 Nam
400 2498 540 2564 Eteocles
583 2501 653 2564 ὑ-τδ
686 2501 927 2581 φιλοτιμόως
961 2501 1095 2579 ε’μκόνετο
1130 2501 1177 2566 ἐπὶ
1214 2501 1364 2581 τυρκννόδι.

286 2609 330 2677 cf.
351 2634 474 2698 quoque
495 2614 585 2678 Hom.
611 2613 670 2678 Od.
692 2615 724 2691 δ,
748 2617 812 2677 204
833 2637 878 2698 sq.
900 2622 930 2678 et
951 2615 1060 2680 Aesch.
1077 2619 1185 2699 Agam.
1204 2617 1286 2678 6352
1303 2620 1364 2685 πῶς

284 2725 345 2805 etp
375 2725 473 2803 λέγεις
504 2734 638 2808 χειμῶνος
670 2732 792 2808 νκυτικῷ
822 2730 937 2808 οτροιτῷ
968 2729 1095 2792 ἐλθεῖν
1125 2726 1370 2801 τελευτῆοκό

284 2863 326 2902 τε
348 2839 537 2918 δκιμόνων
562 2841 672 2921 κότῳ;
696 2864 765 2905 cum
790 2842 874 2905 chori
898 2841 926 2905 h.
948 2840 966 2905 l.
988 2841 1139 2904 sententia
1155 2862 1217 2904 non
1235 2848 1369 2925 pugnat,

285 2949 357 3013 licet
380 2951 477 3036 prima
503 2954 604 3037 specie
628 2953 780 3030 adversari
804 2952 957 3029 videatur,
981 2973 1016 3014 ea
1038 2973 1130 3034 quam
1148 2973 1182 3014 ex
1199 2951 1316 3015 Antio
1324 2973 1369 3035 pa

285 3064 414 3127 servavit
437 3064 584 3130 Stobaeus
610 3070 662 3146 99,
690 3069 728 3128 la
752 3065 803 3149 (fr.
830 3065 924 3148 tot),
953 3065 1040 3128 cuius
1064 3086 1182 3127 summa
1205 3063 1280 3127 haec
1304 3072 1367 3128 estc

284 3175 376 3256 κέρδος
400 3178 428 3241 ἐν
451 3185 549 3250 κοινοῖς
572 3180 714 3255 όννωοῖοι.
749 3176 798 3241 Ibi
822 3177 902 3240 enim
918 3176 1108 3262 intellegitur
1125 3175 1267 3240 absoluta
1282 3176 1368 3260 igno-

285 3290 383 3353 rantia
407 3291 495 3375 maii,
519 3291 551 3354 in
577 3313 637 3375 quo
662 3292 731 3373 quis
755 3299 900 3354 versetur.

334 3407 428 3468 1124.
458 3405 597 3468 δεῖτνω
628 3441 672 3452 -
701 3403 903 3483 ὡπλίζετο.
948 3402 1041 3466 Metri
1075 3423 1166 3466 causa
1198 3408 1287 3485 poeta
1318 3400 1367 3464 hic

286 3539 359 3581 usus
391 3517 511 3581 videtur
539 3519 634 3580 forma
658 3516 758 3580 media
781 3538 836 3600 pro
860 3517 973 3588 activa,
999 3537 1089 3599 quam
1113 3536 1206 3598 supra
1228 3513 1368 3578 adhibuit

286 3631 359 3692 852.
391 3627 547 3712 Propriam
577 3627 656 3689 enim
681 3626 794 3690 formae
817 3620 932 3715 mediae
957 3632 1139 3711 potestatem
1163 3623 1273 3686 trustra
1297 3622 1327 3687 h.
1344 3622 1365 3687 l.

285 3741 482 3826 quaesiveris.
525 3738 668 3803 Ceterum
692 3738 854 3823 Euripides
878 3738 963 3802 solus
988 3738 1173 3823 tragicorum
1197 3736 1279 3800 hunc
1304 3736 1367 3819 epi-

285 3876 354 3917 cum
380 3852 462 3918 verbi
485 3852 611 3932 ότλῖζειν
636 3874 725 3916 usum
749 3855 802 3935 (τ-
826 3852 985 3934 σκευόζειν)
1009 3851 1175 3935 adoptavit.

332 3969 427 4030 1125.
458 3965 547 4028 ἔνόκ
574 3969 644 4043 πῦρ
668 3966 885 4048 τνδρῖόεοῦ.
921 3963 967 4029 01.
991 3964 1029 4027 ad
1055 3965 1128 4029 550.
1163 3961 1276 4026 Phoen.
1302 3965 1362 4028 227

276 4072 305 4141 ’ὦ
328 4077 491 4155 λόριτουοοι
515 4077 607 4158 τέτρκ
631 4077 717 4157 τυρός
736 4077 883 4158 δικόρυφον
903 4076 993 4148 τέλος
1013 4077 1081 4155 ὑπὲρ
1103 4074 1193 4155 όικρων
1213 4077 1365 4156 Βκκχεόων

285 4191 439 4273 Διονόυον,
481 4189 534 4253 uhi
573 4189 646 4254 haec
685 4190 776 4254 habet
809 4189 930 4253 Schol.:
967 4189 1112 4270 δικόρυφον
1148 4191 1235 4254 cirta
1268 4185 1366 4264 εἶτεν,

284 4304 402 4382 ἕτεόοοερ
434 4307 462 4369 ἐν
495 4305 688 4388 οῖριφοτὲρωις
713 4313 778 4375 τοῖς
810 4303 910 4382 όκροιις
941 4309 991 4370 τοῦ
1021 4307 1175 4382 Πκρνκοοῦ
1206 4304 1275 4367 εῖοιν
1305 4301 1367 4383 ἱερόν
