3112 4914
232 375 298 438 210
652 393 906 438 counanrrmns.

234 589 336 652 nescio
367 609 429 671 quc
459 587 527 651 loco
560 589 740 672 propositas.
777 587 876 652 Buca.
913 588 972 652 Per
1000 611 1031 652 se
1055 588 1180 672 quidem
1203 612 1250 653 res
1275 599 1320 654 est

233 700 318 764 valde
343 699 526 785 probabilis,
550 702 624 784 quia
647 702 724 766 solet
749 701 912 785 Euripides
936 702 1111 786 frequenter
1126 703 1261 768 alludere
1282 704 1319 767 ad

233 815 306 878 artis
337 837 429 899 opera
459 836 491 878 re
523 837 592 879 vera
621 817 771 879 exstantia
799 815 955 899 (videatur
979 817 1130 900 imprimis
1153 819 1320 901 Euripides
1421 835 1429 853 ·

232 933 295 995 und
324 932 373 993 dic
401 933 548 994 Br'ldende
578 931 683 995 Κιανοί
712 952 769 994 von
796 929 849 993 Dr.
875 929 1032 993 Gottfried
1055 930 1190 1008 Kinhel,
1215 931 1318 995 Berlin

220 1023 352 1127 1872),
383 1044 435 1106 sed
468 1052 682 1127 argumentum
715 1065 751 1107 ex
784 1042 1019 1107 anachronismo
1052 1045 1182 1126 petitum
1208 1045 1319 1120 reicio,

234 1157 385 1241 siquidem
420 1166 522 1221 noster
558 1180 627 1221 cum
663 1157 817 1241 plerisque
850 1157 949 1242 poetis
981 1157 1115 1241 antiquis
1149 1167 1320 1242 temporum

232 1272 365 1336 rationes
389 1293 495 1355 parum
520 1280 614 1335 curat.
651 1270 698 1333 De
722 1292 826 1354 pugna
849 1268 992 1332 Herculis
1017 1291 1087 1332 cum
1112 1270 1320 1333 Amazonibus

232 1383 414 1466 interpretes
445 1373 606 1455 conferunt
637 1381 783 1465 Apollod.
818 1379 897 1446 Bibl.
926 1379 971 1456 ΙΙ,
1004 1383 1033 1457 5,
1067 1385 1097 1445 9.
1139 1380 1178 1444 Iu
1203 1381 1319 1446 foribus

233 1496 440 1580 opisthodomi
464 1496 546 1560 aedis
568 1495 650 1558 Iovis
666 1494 804 1580 Olympii
820 1494 1018 1558 Alcamenem
1036 1494 1188 1559 effinxisse
1207 1495 1321 1559 Hercu·
1408 1525 1410 1527 >

232 1610 270 1674 lis
289 1633 422 1695 pugnam
445 1633 514 1674 cum
536 1613 721 1673 Amazonum
742 1610 849 1693 ragina
865 1609 1036 1694 Hippolyta
1049 1617 1178 1674 testatur
1191 1610 1320 1673 Pansan.

233 1722 271 1799 V,
299 1728 349 1800 11,
378 1726 406 1800 7,
432 1721 582 1806 hodieque
606 1723 686 1786 idem
711 1732 925 1807 argumentum
943 1723 1132 1807 conspicitur
1148 1726 1178 1786 in
1196 1734 1320 1806 metopo

234 1837 366 1919 quodam
391 1835 499 1920 templi
523 1835 688 1899 Selinuntii
712 1837 744 1899 in
768 1834 880 1900 Sicilia.
905 1835 1087 1920 Saepissime
1110 1844 1213 1900 antem
1230 1838 1320 1900 Ama·

235 1950 431 2026 monomachia
455 1958 678 2033 repraesentata
700 1948 760 2012 fuit
784 1949 814 2012 in
839 1948 982 2033 operibus
1006 1949 1153 2033 antiquis.
1186 1949 1223 2013 In
1248 1949 1321 2013 Stoa

236 2063 357 2128 Poecile
387 2063 419 2125 in
450 2061 630 2145 Theseoque
659 2062 789 2126 Athonis
813 2060 1012 2125 servabantur
1036 2062 1109 2125 olim
1136 2062 1266 2126 Miconis
1291 2069 1321 2125 et

234 2177 399 2261 Polygnoti
435 2174 558 2239 tabulae
594 2177 709 2258 pictae,
747 2177 778 2239 in
810 2174 923 2260 quibus
955 2175 1064 2239 Thesei
1096 2176 1127 2238 in
1159 2175 1213 2239 illo
1237 2174 1319 2239 bello

234 2303 335 2375 partes
358 2297 502 2354 tractatae
525 2290 658 2353 fuerunt.
683 2288 730 2352 Of.
757 2289 849 2353 Arist.
874 2288 947 2372 Lys.
965 2293 1041 2368 678,
1064 2288 1154 2354 Paus.
1171 2289 1197 2366 I,
1219 2293 1268 2364 15,
1288 2293 1318 2351 2.

282 2408 377 2469 1116.
402 2407 478 2479 ἕνῆν
501 2427 556 2489 pro
580 2405 729 2476 ἐνῆσαν.
757 2401 836 2466 Vide
860 2403 998 2487 exempla
1022 2403 1060 2466 ad
1080 2402 1227 2486 Stephani
1244 2402 1321 2466 The·

233 2541 357 2582 saurum
388 2517 480 2582 allata
511 2541 535 2581 s.
551 2535 588 2582 ν.
611 2517 680 2593 εἶμί.
709 2516 857 2580 Drnuoar
881 2516 967 2582 adn.
991 2514 1057 2582 Ox.
1093 2515 1186 2599 Soph.
1211 2515 1318 2579 Trach.

235 2635 297 2696 521
331 2628 364 2706 ἦν
395 2631 419 2694 δ’
438 2631 642 2712 οὶμφίπιιεκτοι
671 2633 835 2708 κλίμακες,
868 2630 905 2693 de
937 2651 998 2712 quo
1026 2651 1084 2693 usu
1111 2628 1213 2710 (cuius
1237 2629 1319 2691 anti-

234 2744 417 2829 quissimum
440 2745 612 2828 exemplum
638 2752 684 2807 est
709 2743 838 2807 Hesiodi
853 2742 977 2827 Theogo
1001 2746 1061 2806 sul
1084 2751 1137 2816 τῆς
1156 2737 1230 2815 δ’ἦν
1244 2749 1318 2821 τρεῖς

233 2858 370 2938 κεφαλαί
393 2855 430 2920 ab
455 2857 557 2922 Schol.
582 2859 794 2938 memoratum)
818 2856 907 2920 docte
931 2855 1011 2919 dixit
1036 2855 1231 2920 Herodianus
1256 2856 1317 2934 περὶ

232 2972 366 3051 μονήρονς
398 2969 503 3047 λέξεως
535 2994 564 3056 p.
598 2973 652 3047 11,
685 2973 736 3035 32.
771 2969 855 3033 Innrr
884 2969 914 3032 in
944 2970 1016 3034 lex.
1045 2968 1163 3053 Soph.
1189 2992 1216 3052 p.
1244 2972 1317 3032 142.

232 3083 379 3148 Tironum
415 3085 512 3168 gratia
547 3083 736 3167 grammatici
771 3083 862 3147 verba
896 3082 1088 3147 adscribamr
1123 3082 1213 3147 Οὐδὲν
1235 3085 1318 3162 ῥῆμα

232 3198 368 3278 ὂριοτικὸν
394 3197 495 3282 [ἑνικὸν
517 3203 626 3277 πρῶτον
649 3196 812 3280 πρόσωπον]
837 3196 918 3261 κατὰ
941 3196 990 3260 τὸν
1006 3194 1095 3260 αὐτὸν
1106 3193 1206 3274 χρόνον
1217 3196 1318 3274 ὅροῖται

232 3317 341 3391 πρῶτον
364 3311 512 3391 πρόσωπον
535 3312 624 3375 ἑνικοῦ
648 3311 696 3375 καὶ
721 3311 813 3390 τρίτον
837 3311 945 3387 ἑνικοῦ,
971 3308 1020 3374 καὶ
1037 3315 1145 3389 πρῶτον
1161 3309 1211 3373 καὶ
1226 3308 1319 3388 τρίτον

234 3426 425 3499 πληθυντικοῦ
448 3422 491 3490 ἔτι
514 3427 556 3503 μὴ
581 3425 665 3501 μόνον
688 3426 721 3489 τὸ
745 3420 786 3498 ἦν.
812 3422 850 3501 ἦν
872 3425 932 3504 γαρ
956 3423 1024 3499 ἐγώ
1047 3422 1178 3488 Ἀττικοὶ
1201 3423 1318 3498 λέγουσι

233 3539 310 3623 (non
341 3548 444 3603 tamen
476 3540 674 3624 vetustiores)
705 3539 755 3603 acl
787 3536 827 3613 ἦν
857 3539 1023 3609 ἐκεῖνος·
1047 3536 1097 3600 καὶ
1121 3538 1318 3610 πληθυντικῶς

234 3652 393 3728 Σιμωνιῖνς
417 3651 463 3717 ἐπὶ
488 3653 598 3731 πρώτον
623 3651 785 3732 προσώπου,
810 3653 847 3722 ὡς
869 3653 918 3715 καὶ
942 3652 971 3714 ἐν
993 3657 1052 3722 τοῖς
1076 3647 1317 3728 ἐπιγράμμασιν·

234 3759 272 3836 ἦν
295 3766 436 3830 ἐκατὶν
459 3765 609 3846 φιάλαι
631 3765 728 3844 δίχα
751 3765 905 3846 σφίσιν·
929 3762 1003 3828 ἀντὶ
1028 3762 1087 3840 γαρ
1109 3767 1160 3826 τοῦ
1180 3757 1317 3839 ἦμενῆν·

231 3868 299 3952 τῆς
322 3877 345 3942 δ’
362 3874 402 3952 ἦν
424 3886 529 3958 τρεῖς
549 3878 747 3959 κεφαλαί·
771 3877 820 3941 καὶ
844 3878 963 3957 κωφὸν
983 3877 1006 3940 δ’
1023 3872 1059 3950 ἦν
1076 3873 1317 3956 προπάροιθεν.

230 3990 292 4054 xri.
330 3989 462 4054 Ilallitur
485 3991 580 4074 igitur
604 3983 759 4054 Matthiae
778 3997 943 4054 annotans:
968 3991 1030 4065 ἐνῆν
1054 3989 1168 4052 dictum
1188 3987 1317 4064 videtur,

233 4104 306 4186 quia
338 4125 445 4167 sensus
476 4110 523 4167 est
546 4105 608 4176 ἐνῆν
631 4103 660 4166 δὲ
682 4103 778 4167 τοιοίδε
800 4102 984 4182 νροὶμματα.
1017 4102 1107 4165 Adde
1130 4101 1319 4184 epigramma

231 4215 313 4299 apud
344 4214 528 4278 Aeschinem
558 4214 613 4294 1Ιῖ
647 4218 664 4299 q
697 4218 769 4279 181.
800 4253 844 4264 -
868 4215 1044 4297 ὑφανταὶ
1072 4214 1308 4294 γράμμασιν

230 4327 404 4412 Hesychius
442 4327 686 4406 γράμματα
726 4328 766 4394 τοὶ
803 4327 1047 4410 ζωγραφήματα.
1098 4325 1176 4390 Esto
1215 4335 1315 4389 autam
