3112 4914
289 369 353 433 132
706 388 959 435 connaaraaws.

287 580 435 664 templum
452 581 623 658 revertitur,
649 602 739 664 qnam
764 581 906 658 Xuthns,
931 582 1007 646 Ione
1028 583 1213 658 comitante,
1231 582 1269 646 ad
1287 604 1370 646 sacra

286 695 424 759 facienda
454 695 602 758 discessit.
647 694 718 774 Quo
754 696 881 760 artificio
916 707 1001 760 cavet
1033 705 1139 780 poeta,
1178 719 1217 759 ne
1241 695 1371 760 (relisae

287 809 392 874 odium
422 809 455 872 in
485 808 593 899 Ionenr
624 809 732 872 Xutho
762 819 831 873 ante
862 819 982 895 tempus
1013 810 1215 876 innotescat.''
1246 810 1370 874 Musae.

287 921 370 988 Haec
401 920 492 986 verba
521 921 644 986 locutus
675 922 801 987 Xuthus
833 924 937 988 aedem
965 926 1076 1004 intrat3
1104 947 1174 988 mox
1199 923 1315 1004 Oreiisa
1340 947 1371 986 se

287 1037 404 1101 confert
426 1036 457 1100 in
480 1034 599 1111 urbem,
617 1044 647 1100 et
662 1035 699 1100 Ic
715 1059 838 1121 quoque
854 1047 923 1121 post
942 1039 1148 1122 monologiam
1165 1039 1370 1121 (429-451)

286 1169 405 1212 scenam
429 1146 587 1232 relinquit.
754 1130 755 1133 Ἴ

332 1264 406 1327 426.
437 1263 550 1328 ἔσται
580 1263 662 1328 rcld’
690 1263 805 1328 ἔσται.
837 1263 882 1330 cf.
906 1267 982 1328 418.
1018 1263 1211 1348 Responsum
1234 1272 1370 1348 spectare

286 1378 409 1442 ridetur
432 1376 522 1440 verba
545 1377 691 1447 εὐτέκνους
715 1414 760 1424 -
782 1378 927 1456 ἐνεγκεῖν,
955 1399 1016 1440 non
1045 1376 1185 1452 λαβοῦσα
1205 1415 1250 1424 -
1273 1375 1372 1456 εὔχου.

333 1494 408 1556 426.
443 1489 544 1566 ἄλλα,
578 1513 640 1553 non
676 1491 810 1574 positum
842 1488 880 1552 ab
908 1490 1013 1565 initio,
1039 1490 1183 1552 saltem
1209 1490 1369 1574 significat.

289 1603 430 1668 Addatur
455 1603 512 1666 hcc
533 1602 706 1686 exemplum
726 1603 764 1665 iis
790 1625 867 1686 quae
890 1602 1015 1685 collegit
1038 1602 1172 1686 Elmsley
1196 1601 1234 1664 ad
1253 1601 1373 1664 Heracl.

290 1721 362 1782 666.
385 1716 432 1782 Of.
457 1716 668 1780 Hermannum
692 1715 728 1778 ad
754 1715 835 1780 Med.
861 1717 936 1792 912,
961 1716 1016 1779 ubi
1039 1715 1174 1779 ostendit
1198 1736 1260 1778 non
1283 1715 1372 1778 satis-

288 1831 384 1895 facere
408 1829 535 1893 Illmslei
559 1829 839 1913 interpretationem
864 1852 918 1913 per
940 1828 1102 1913 Anglicam
1119 1829 1258 1892 voculam
1275 1828 1371 1892 then.

288 1981 333 1992 -
355 1943 582 2018 νὲναλαβεῖν
607 1942 831 2023 ἁμαρτίας,
859 1923 1049 2026 reparare
1073 1953 1252 2025 peccata.
1278 1941 1371 2025 Scph.

288 2056 369 2121 Phil.
396 2058 498 2120 1249:
523 2056 672 2135 ἁμαρτίαν
694 2057 822 2136 αἰσχρὰν
842 2056 980 2136 ἁμαρτὼν
996 2056 1161 2132 ἀναλαβεῖν
1177 2055 1372 2137 πειράσομαι,

291 2179 321 2236 et
355 2170 398 2234 ita
431 2191 494 2233 non
528 2190 596 2232 raro
632 2169 793 2252 pedestres.
836 2169 883 2233 of.
915 2169 1145 2250 ἀναμάχεσθαι,
1181 2191 1374 2253 reparare

287 2283 452 2348 cladem.
484 2281 731 2347 ’Ararldacdcrr
755 2283 876 2368 proprie
900 2292 944 2370 est
969 2283 1000 2345 in
1024 2288 1138 2348 πεττῶν
1161 2282 1234 2346 ludo
1256 2282 1372 2345 alium

291 2395 494 2461 calculum
518 2417 669 2478 ponere
695 2394 744 2477 (cf.
772 2396 916 2478 Harpocr.
942 2419 964 2460 s.
984 2397 1045 2479 a),
1071 2395 1181 2458 deinde
1203 2418 1258 2479 per
1281 2401 1374 2458 meta·

291 2510 418 2596 phoram
449 2515 678 2572 retractata
708 2509 920 2573 sententia
951 2530 1125 2573 errorem
1154 2508 1375 2572 emendare.

335 2624 409 2714 427.
439 2619 545 2693 ἅπας
572 2623 719 2698 μὲνού,
750 2622 823 2704 quia
846 2645 885 2686 nc
908 2623 983 2686 deus
1007 2623 1129 2708 quidem
1154 2623 1187 2687 τὸ
1209 2622 1316 2701 aaran
1339 2620 1375 2685 alr

290 2737 399 2802 δύναιτ)
428 2735 465 2801 ἂν
495 2736 636 2811 ανένντνν
658 2743 765 2811 ποιεῖν,
790 2746 826 2800 ut
848 2737 986 2822 loquitur
1013 2737 1121 2821 Hyllus
1145 2737 1176 2799 in
1200 2734 1370 2799 Trachiniis

291 2873 334 2915 vs·
361 2853 424 2917 742
437 2873 495 2934 sq„
522 2871 622 2933 nequo
646 2850 740 2933 igitur
762 2849 866 2933 potuit
890 2849 1001 2933 Apollo
1026 2850 1115 2934 plane
1138 2871 1274 2933 reparare
1291 2848 1376 2911 dolc-

290 2986 354 3041 rcs,
379 2986 456 3048 quos
480 2964 588 3027 misera
611 2971 705 3026 mater
728 2962 801 3026 clim
825 2984 965 3046 perpessa
989 2962 1096 3026 fuerat.

335 3081 411 3142 428.
443 3075 523 3148 θεός
554 3073 629 3155 γάρ
660 3078 755 3140 ἐστι.
797 3075 867 3159 Iph.
899 3074 934 3138 Τ.
971 3077 1055 3140 1479
1083 3075 1114 3140 τί
1136 3075 1195 3153 γαρ
1218 3074 1286 3154 πρὸς
1309 3074 1376 3145 τοὺς

291 3191 441 3262 σθένοντας
456 3191 533 3262 θεοὺς
546 3190 733 3266 ἁμιλλᾶσθαι
745 3189 849 3268 καλδνς
865 3189 947 3273 quod
965 3213 982 3252 a
994 3189 1117 3273 tragicis
1135 3196 1259 3253 vocatur
1270 3189 1375 3264 θενμα·

291 3312 358 3384 χεῑν
386 3305 449 3367 sive
479 3302 631 3384 μάχεσθαι
665 3302 733 3382 πρὸς
763 3302 797 3366 τὸ
828 3305 906 3367 θεῖον.
940 3302 1059 3387 Fragm.
1092 3305 1175 3378 494,
1210 3306 1228 3363 6
1263 3303 1294 3365 οὐ
1317 3301 1376 3381 χρὴ

292 3417 498 3497 μάχεσθαι
521 3416 589 3496 πρὸς
611 3416 645 3481 τὸ
669 3418 754 3491 θεῖον,
778 3415 849 3480 αλλ’
875 3416 940 3490 loir,
966 3424 1001 3480 ut
1024 3417 1096 3479 olim
1122 3415 1270 3499 probante
1295 3414 1374 3477 Din-

294 3531 390 3594 dorllo
414 3530 571 3594 emendari
588 3551 641 3616 pro
657 3530 883 3605 ’νκαλεῖσθαν
899 3529 1001 3614 (codd.
1017 3530 1148 3593 τλεῖσθαν
1165 3526 1213 3592 vcl
1225 3528 1374 3613 νλεῖσθαν)

293 3641 325 3705 in
340 3643 477 3706 Eccrcr't.
494 3641 570 3705 Oret.
585 3662 653 3724 pag.
670 3625 722 3705 68.
745 3639 837 3704 Nunc
853 3641 934 3705 idem
950 3641 1093 3727 proponit
1110 3638 1207 3704 Cobet
1224 3639 1375 3704 Memnos.

296 3756 392 3831 1874,
416 3757 438 3816 4
461 3776 490 3838 p.
1019 3766 1022 3771 ’

338 3870 414 3933 481.
446 3868 505 3943 ἦτα
525 3869 620 3943 -γ’
640 3903 685 3914 -
704 3867 729 3940 ἦ.
763 3866 810 3930 Of.
842 3866 1045 3952 Illmsleyad
1077 3867 1160 3932 Med.
1195 3870 1297 3944 1268,
1323 3867 1377 3931 ubi

294 4005 422 4047 monens
445 3982 623 4068 plerumque
646 3980 786 4045 voculam
809 4004 847 4056 γε
870 3983 987 4058 omitti,
1013 3982 1135 4045 additae
1159 3981 1231 4045 hacc
1253 3981 1377 4065 collegit

295 4096 448 4179 exempla:
482 4095 573 4159 Rhes.
605 4098 687 4173 8163
720 4093 834 4158 Herod.
866 4094 892 4170 Ι,
928 4100 985 4171 1];
1009 4095 1072 4172 ΙΙΙ,
1099 4099 1158 4176 833
1183 4093 1274 4170 VIII,
1304 4098 1375 4184 198,

294 4210 373 4274 Plat.
405 4208 495 4293 Apol.
528 4232 557 4295 p.
584 4211 622 4273 27
646 4208 688 4283 0,
704 4188 832 4271 'Phaet
858 4230 886 4290 p.
913 4208 953 4271 76
972 4209 1016 4285 A,
1041 4209 1134 4293 Gorg.
1159 4231 1189 4291 p.
1214 4209 1322 4270 460A
1348 4216 1378 4269 et

295 4325 357 4393 467
384 4322 420 4386 Ε.
457 4322 539 4387 Med.
565 4324 649 4385 1268
675 4321 779 4385 Illmsl.
797 4355 832 4376 =
852 4323 947 4386 1296.
