3112 4914
660 397 913 443 conmonuemus.
1265 380 1328 443 119

240 585 297 650 lon
322 588 578 672 interpretabatur
601 590 684 654 istud
709 597 786 670 φεῦ,
814 591 852 656 ad
877 590 969 654 verba
993 613 1048 655 sua
1072 591 1204 655 referens
1228 589 1325 654 excla-

241 701 421 776 mationem,
447 724 524 786 quae
547 725 651 767 revera
673 690 762 768 istius
786 705 924 769 mulieris
951 705 985 784 (i.
1009 727 1033 768 e.
1057 705 1155 790 ipsius
1179 703 1325 791 Creusae)

240 821 350 877 sortem
375 815 540 897 spectabat.

284 931 357 992 333.
389 929 576 1008 ὑπουργήσω,
608 931 627 994 i.
652 953 676 995 e.
702 932 886 1013 ὑπηρετήσω,
910 937 1088 1011 χαριοῦμαι,
1114 927 1239 992 verbum
1263 937 1325 993 tam

240 1060 345 1123 prosae
368 1041 568 1124 scriptoribus
593 1064 684 1127 quam
709 1045 807 1126 poetis
831 1044 988 1108 familiare.

284 1157 358 1218 334.
382 1154 583 1219 Praetulerim
608 1179 676 1220 cum
693 1156 836 1221 Nauokio
851 1158 959 1233 λαβεῖν
975 1157 1025 1239 (cf.
1042 1160 1136 1237 421),
1154 1155 1323 1239 quodcum

236 1267 444 1342 nalstaalibi
475 1290 596 1353 quoque
628 1271 788 1333 confusum
814 1278 860 1334 est
884 1271 915 1334 in
940 1270 1025 1334 libris
1051 1268 1137 1335 MSS.
1174 1268 1223 1332 Ita
1247 1291 1274 1334 v.
1297 1290 1322 1333 c.

237 1378 293 1462 Eq.
326 1383 389 1442 995
423 1403 476 1463 pro
509 1381 647 1445 codicum
680 1383 832 1466 scriptura
862 1385 964 1460 μαθεῖν
992 1382 1103 1446 Suidas
1126 1382 1204 1446 male
1230 1379 1323 1445 habet

236 1493 352 1569 λαβεῖν.
397 1493 456 1558 Hic
483 1497 585 1570 μαθεῖν
608 1497 721 1559 frustra
743 1498 856 1560 tuearis
880 1497 917 1561 cl.
941 1519 983 1561 vs.
1008 1500 1071 1559 532
1094 1497 1225 1572 ε’κμαθθιν
1247 1517 1322 1573 χρη-

236 1607 356 1688 στήρια,
384 1607 436 1671 ubi
451 1609 583 1683 ἐκμαθών
607 1618 652 1672 est
673 1610 875 1709 aptissimum.
899 1610 992 1694 Apud
1013 1607 1195 1693 Sophoclem
1213 1607 1319 1690 fragm.

238 1720 300 1782 779
327 1743 382 1803 pro
405 1721 509 1804 inepto
537 1723 777 1800 προσλαμβάνειν
798 1724 912 1806 optime
934 1722 1077 1806 llirschig
1097 1721 1204 1805 reponi
1220 1721 1317 1784 iussit.

174 1846 177 1851 ’
236 1833 470 1909 προομανθοθνειν.
503 1834 622 1898 Ibidem
655 1858 697 1899 vs.
725 1839 762 1899 ll
790 1859 833 1919 sq.
866 1835 964 1899 obiter
990 1834 1057 1898 vide
1081 1857 1119 1896 an
1144 1835 1186 1896 sic
1211 1833 1320 1897 leniter

234 1944 403 2028 refingendi
426 1947 503 2009 sint:

278 2053 299 2120 ὦ
322 2058 445 2138 παῖδες,
469 2062 505 2129 ὡς
528 2060 564 2123 διν
587 2063 636 2136 μὴ
659 2059 686 2136 ’ξ
714 2059 797 2141 (libri
820 2061 921 2137 μήπἺ
946 2059 1128 2126 οὶπαιδεύπων
1150 2061 1259 2140 βροτῶν

279 2173 403 2248 δοκῶμεν
427 2169 497 2238 εἶναι
522 2175 849 2249 κοὶποδιρμοῦνπος
873 2175 994 2255 παπρύς.

235 2283 324 2362 Quod
359 2287 438 2349 enim
471 2288 601 2350 coniecit
632 2287 743 2350 Nauck
771 2288 969 2372 depravatum
993 2311 1057 2351 esse
1081 2288 1314 2362 κοθποδνμοῦνποε

236 2419 351 2480 proque
376 2420 411 2461 eo
436 2399 684 2463 substituendum
709 2401 794 2477 μήτ’
816 2402 1079 2478 οὶδνμοῦνπος,
1105 2422 1212 2484 parum
1236 2399 1316 2462 ride-

235 2520 284 2573 tur
317 2513 489 2594 probabile,
521 2513 670 2595 siquidem
699 2514 824 2578 verbum
847 2514 1016 2588 αδημεῖν
1040 2534 1191 2596 nusquam
1218 2532 1318 2595 reper-

234 2634 299 2687 tum
325 2633 378 2688 est.

279 2740 351 2802 335.
374 2739 518 2803 τᾶλλα.
554 2740 590 2803 In
616 2740 730 2804 Aldina
753 2749 798 2803 est
823 2741 847 2804 δ’
862 2741 963 2811 αλια,
989 2739 1072 2825 quod
1098 2738 1213 2822 fugisse
1238 2737 1319 2801 vide·

208 2829 285 2916 'tur
319 2854 496 2928 Dobreum,
533 2855 576 2916 ita
610 2853 669 2936 legi
704 2854 812 2917 iubens
852 2854 883 2915 in
923 2851 1200 2916 Adversariis.
1246 2847 1318 2928 Quo

233 2965 380 3043 admisso,
406 2966 440 3028 lo
465 2966 540 3028 dicit
565 2966 647 3030 Dio:
672 2989 737 3030 nos
761 2984 882 3028 snorum
899 2965 991 3050 (rem)
1009 2962 1316 3049 procurabimus,

233 3080 262 3142 in
295 3078 407 3162 quibus
439 3078 514 3163 quid
546 3078 603 3142 sibi
634 3080 706 3142 velit
738 3078 885 3143 saltem
918 3101 980 3142 non
1014 3099 1166 3160 assequor.
1202 3075 1318 3140 Contra

232 3191 379 3255 librorum
410 3192 561 3274 scripturo
591 3193 707 3275 optime
739 3192 848 3267 babet3
880 3191 946 3254 vult
976 3193 1058 3254 enim
1082 3190 1139 3254 hoo
1163 3189 1216 3252 Io:
1241 3187 1318 3253 tibi

231 3304 332 3367 nihil
364 3305 469 3367 aliud
501 3305 597 3369 facto
630 3327 722 3388 opus
754 3312 825 3381 est,
850 3326 954 3388 quam
981 3314 1018 3367 ut
1043 3326 1116 3367 rem
1141 3324 1314 3385 exponas:

231 3427 355 3478 cetera
387 3439 451 3479 nos
482 3419 701 3487 curabimus,
735 3417 799 3481 scil.
831 3426 866 3479 ut
897 3417 1026 3500 accipiat
1056 3415 1151 3479 amica
1177 3415 1236 3477 ista
1263 3423 1317 3476 tua

230 3551 418 3612 responsum.
455 3530 504 3596 Ad
529 3531 736 3609 προξενήσομεν
760 3531 796 3594 cf.
822 3528 890 3593 Hel.
919 3532 996 3606 146,
1022 3528 1103 3593 Med.
1128 3532 1201 3592 724.

276 3653 339 3712 336
357 3671 400 3731 sq.
424 3648 526 3721 αἰδώς
550 3653 583 3726 μ’
607 3650 686 3728 ἔχει
712 3671 766 3733 pro
786 3648 943 3724 αἰδούμεθα
961 3668 1021 3710 non
1039 3644 1248 3731 improbabilis
1269 3650 1315 3706 cst

230 3765 399 3828 Kirclrlroffi
420 3768 611 3842 coniectura,
633 3788 724 3850 quam
742 3767 773 3828 iu
791 3771 907 3829 textum
920 3763 1033 3848 recepit
1049 3760 1189 3825 Dindorf.
1217 3756 1314 3822 Malui

230 3901 341 3962 ponere
366 3880 396 3941 iu
423 3881 577 3962 margine,
601 3881 674 3962 quia
700 3877 846 3942 librorum
866 3877 957 3940 lectio
981 3897 1057 3939 non
1078 3871 1314 3937 necessario

230 4000 373 4074 corrupta
409 3999 470 4067 est,
506 3991 659 4074 siquidem
690 3989 894 4057 retinentibus
927 3988 1081 4064 αἰδούμεθα
1112 4007 1172 4049 nou
1205 4005 1315 4065 magna

231 4105 414 4188 perspicacia
445 4127 521 4188 opus
553 4116 615 4180 est,
647 4115 682 4167 ut
710 4104 922 4188 intellegamus
947 4124 1023 4185 quae
1048 4103 1104 4164 dea
1127 4098 1314 4183 significetur

230 4241 271 4280 vs.
296 4240 356 4301 seq.
381 4216 482 4279 verbis
501 4218 590 4295 ἀρνὸς
611 4221 627 4293 ἡ
648 4219 717 4289 θεθς.
738 4217 784 4282 Ol.
803 4236 924 4280 nonam
936 4232 1122 4279 annuemus
1135 4214 1167 4276 in
1179 4212 1314 4275 dramate

230 4333 351 4395 Ducton
374 4333 436 4393 uod
458 4331 677 4414 Robcspr'crrc,
698 4354 765 4417 pag.
788 4335 865 4397 124:
890 4329 987 4411 „Wus
1000 4349 1104 4392 ausser
1116 4325 1313 4409 Robespierre
