3112 4914
299 372 362 438 188
717 396 969 442 conunumarua

296 596 397 654 tamen
429 592 522 654 miror
544 599 719 674 suspectum
745 591 1044 656 vocabulum'fuisse
1070 590 1210 665 Reiskio‚
1234 593 1287 675 qni
1311 613 1384 654 con-

295 705 368 767 iecit
392 703 562 781 ὑπεξάρων,
589 705 670 788 quod
696 705 818 770 dictum,
840 705 904 768 uult
930 727 984 789 pro
1009 706 1196 786 ὑπεκφυγών.
1240 703 1304 783 Qui
1327 706 1384 768 etsi

295 817 372 880 mihi
402 840 463 880 non
501 818 680 902 persuadet,
711 819 807 882 fateor
838 829 939 882 tamen
974 841 1021 882 me
1056 840 1117 881 non
1150 818 1291 902 expedire
1323 818 1382 880 vim

296 932 538 1016 praepositionis.
575 931 716 995 Ceterum
749 932 785 996 of.
817 931 925 996 ‘Proad
957 934 1017 995 loa
1042 939 1115 995 πλεῖ
1136 932 1216 995 κατά
1240 933 1380 1011 ποράαὸν,

295 1053 368 1109 πλεῖ
388 1046 467 1108 κατά
491 1038 632 1120 δαίμονα,
654 1043 659 1132 Ι
679 1045 751 1122 μηδὲ
774 1046 911 1125 προσίστα
932 1047 1044 1125 πρῷραν
1063 1044 1161 1120 βιότου
1182 1042 1187 1132 Ι
1208 1045 1275 1122 πρὸς
1296 1051 1380 1122 κῦμα

295 1159 425 1224 πλέουσα
455 1159 588 1239 τύχαισι.
621 1157 742 1242 Fragm.
776 1161 858 1221 232:
890 1161 920 1222 οὐ
951 1159 1011 1237 γάρ
1043 1159 1223 1238 ὑπεράεῖν
1248 1159 1397 1244 κάιιιαποςΙ

294 1261 385 1342 άκραν
409 1261 561 1336 δννάαεσά
584 1263 643 1326 κτὲ.
671 1259 879 1343 Metaphurioe
902 1266 986 1353 κῦμα
1006 1268 1036 1324 et
1055 1260 1169 1339 χείμων
1186 1259 1224 1323 de
1237 1259 1376 1323 fortunae

295 1375 411 1459 impetu
443 1374 583 1457 usurpari
616 1383 721 1437 notum
755 1382 809 1439 est.
853 1375 938 1437 Aiac.
972 1376 1033 1437 351
1064 1373 1155 1438 ἴδεσθέ
1179 1371 1212 1449 α’
1236 1369 1289 1438 οἷον
1312 1371 1376 1446 άρπι

294 1493 377 1564 κῦμα
401 1489 513 1566 Φοινίας
538 1488 592 1551 ὑπὸ
616 1486 707 1567 ζάλνς
731 1490 914 1570 άαφίδροαον
938 1495 1105 1564 κυκλεῖται,
1132 1489 1197 1553 Alc.
1218 1492 1260 1551 92
1281 1485 1310 1552 εἶ
1324 1489 1383 1568 γάρ

294 1601 542 1679 μετακύραιος
565 1599 681 1676 άτας,
706 1598 726 1664 ὦ
749 1601 855 1682 Παιάν,
879 1603 1020 1685 poneius,
1038 1601 1119 1667 Med.
1133 1606 1196 1665 362
1217 1600 1384 1666 κλύδωνα

295 1720 406 1790 κακῶν,
440 1714 535 1799 Hipp.
569 1717 640 1780 767·
662 1723 791 1797 χαλεπρῖ
814 1715 838 1780 δ’
862 1716 1104 1797 ὑπέραντλος
1128 1712 1200 1780 οὖσα
1226 1715 1363 1798 ξυμφορᾷ
1373 1763 1382 1791 ,

294 1824 341 1890 Ib.
367 1829 430 1889 822
454 1833 547 1890 κακῶν
570 1827 704 1901 πέλανος
725 1864 768 1874 -
788 1832 871 1900 κῡαα
894 1830 1066 1908 συμφοράς,
1088 1826 1197 1889 Aesch.
1210 1823 1292 1908 Sept.
1308 1825 1381 1888 758.

341 1944 415 2006 928.
439 1936 498 2013 οὓς
526 1942 767 2019 ἐκβαλοῦσα.
799 1940 883 2020 Quid
908 1941 948 2004 sit
971 1941 1140 2019 ἐκβάλλειν,
1165 1939 1282 2020 ῥάπτειν,
1307 1939 1382 2019 ε’κρί-

295 2080 378 2120 πτειν
400 2055 497 2138 λόγον,
521 2055 605 2131 ἔπος,
631 2059 709 2132 ῥῆμα
730 2078 818 2120 nemo
840 2056 955 2120 Graece
976 2053 1078 2140 paullo
1096 2053 1214 2117 doctior
1226 2052 1382 2116 docendus
1484 2086 1488 2091 ·

296 2186 341 2232 est
373 2171 501 2251 (tirones
532 2169 656 2233 videant
683 2169 719 2234 ad
746 2172 843 2255 959),
868 2169 920 2232 sed
946 2168 1022 2232 nihil
1046 2191 1080 2232 ea
1105 2168 1232 2231 scientia
1257 2166 1382 2250 prodest

296 2282 388 2346 liuius
413 2283 471 2346 loci
495 2284 671 2367 interpreti,
697 2284 722 2346 si
746 2284 869 2367 quidem
895 2296 1000 2368 neque
1017 2283 1070 2366 qui
1095 2282 1235 2366 sequitur
1260 2280 1384 2343 Geneti-

296 2418 351 2459 vus
375 2403 429 2460 τῶν
453 2397 644 2483 παρεστώτων
667 2403 762 2460 κακῶν
786 2396 922 2480 expediri
946 2404 1065 2479 potest,
1093 2417 1192 2479 neque
1216 2393 1281 2458 ulla
1304 2394 1382 2457 tole·

297 2509 402 2573 rabilia
428 2511 550 2594 exculpi
574 2511 734 2575 sententia.
770 2509 862 2590 Quod
888 2509 971 2573 enim¹
994 2509 1143 2573 Matthiae
1167 2506 1313 2591 iungebat
1336 2501 1383 2579 οὓς

296 2624 428 2708 (λόγους)
458 2630 513 2688 τάν
538 2625 729 2705 παρεστώτων
753 2631 848 2687 κακῶν
872 2646 926 2708 pro
951 2624 1036 2702 περὶ
1061 2629 1116 2688 τῶν
1140 2648 1172 2687 π.
1196 2646 1225 2687 κ.
1250 2621 1382 2698 scilicet,

295 2736 326 2800 id
351 2738 420 2802 ferri
444 2761 532 2824 posse
556 2739 669 2802 nemini
693 2739 852 2821 persuasit.
881 2735 960 2800 Nam
984 2738 1028 2801 ita
1052 2743 1141 2820 poeta
1161 2736 1268 2819 procul
1289 2733 1383 2798 dubio

296 2850 482 2934 scripsisset:
507 2845 552 2923 οὓς
573 2851 744 2928 ἐκβαλοῦσα
762 2857 818 2914 τῶν
834 2850 1026 2929 παρεστώτων
1047 2850 1126 2927 πέρι
1147 2849 1308 2934 laertiadae
1321 2849 1383 2913 κτὲ.

296 2963 432 3048 Speciem
464 2964 555 3029 habet
586 2966 667 3050 quod
699 2966 828 3029 coniecit
857 2963 1021 3027 Kirohhoff
1041 2961 1076 3035 άς
1099 2962 1132 3040 ρι’
1156 2964 1383 3026 ἕκκαλοῦσα

296 3084 351 3141 τῶν
374 3081 453 3153 ara,
480 3100 535 3142 neo
556 3089 654 3142 tamen
680 3077 803 3141 verbum
824 3079 895 3142 satis
913 3086 1018 3161 aptum
1034 3076 1161 3140 videtur.
1187 3075 1267 3139 llieri
1281 3083 1393 3159 potest·

201 3251 203 3255 .
297 3200 332 3255 ut
355 3193 514 3268 ἐκβάλλειν
538 3192 587 3255 hio
611 3192 760 3276 significet
784 3191 966 3276 digredi,
992 3191 1064 3274 quia
1086 3190 1195 3267 ἐκβολή
1217 3211 1262 3272 ap.
1286 3188 1381 3252 Thuo.

296 3305 323 3382 I,
349 3309 390 3371 79
415 3315 445 3368 et
469 3304 543 3369 alibi
565 3319 611 3368 est
635 3307 852 3389 digressio.
889 3305 938 3370 Ita
960 3305 1002 3368 nil
1024 3304 1206 3369 mutandum
1228 3303 1307 3367 foret
1322 3303 1382 3365 nisi

296 3418 358 3490 οὕς
390 3420 421 3482 in
454 3421 496 3490 ὥς
529 3420 575 3482 vel
606 3415 660 3491 οἷς
684 3420 739 3503 (so.
763 3420 892 3501 λάροις),
918 3420 974 3483 hac
997 3418 1165 3482 sententia:
1191 3416 1382 3501 quoniam

297 3531 357 3614 (vel
384 3530 554 3616 quibus),
580 3532 751 3616 digressa
767 3556 784 3596 a
801 3531 1070 3617 praesentibus
1087 3531 1204 3605 malis,
1222 3530 1381 3593 aliarum

297 3643 580 3707 calamitatum
604 3666 727 3707 novas
752 3646 838 3707 vias
862 3652 1086 3729 persecuta
1109 3665 1157 3707 es.

342 3760 416 3821 931.
441 3757 552 3820 Parum
577 3758 730 3841 eleganter
753 3759 954 3841 compositum
981 3780 1023 3820 vs.
1049 3758 1168 3820 notavit
1188 3755 1322 3838 Elmsley
1343 3754 1380 3816 ad

296 3870 365 3954 Iph.
389 3871 422 3935 Τ.
449 3873 533 3934 1502
560 3879 589 3933 et
613 3870 650 3934 ad
676 3871 787 3936 Bacch.
814 3874 887 3946 192,
913 3875 987 3935 938.
1013 3870 1183 3933 Heumann.
1205 3871 1271 3935 clau
1293 3868 1382 3945 λόγον

298 3989 423 4068 ponitur
455 4009 510 4073 pro
537 3987 667 4071 simplici
692 3991 728 4051 σι’.
764 3986 900 4070 Scaliger
922 3988 952 4049 σι’
974 3983 997 4048 δ’
1020 3982 1147 4066 άλορονς
1173 3983 1225 4046 sed
1250 3990 1382 4066 praestat

296 4100 430 4183 vulgata.
468 4101 589 4164 Musas.
622 4100 740 4164 Notum
768 4110 814 4163 est
837 4099 1030 4165 substantiva
1056 4097 1161 4174 λόγος,
1187 4095 1268 4180 ἔπος,
1293 4098 1380 4174 αὖθις

296 4218 470 4301 frequenter
493 4215 627 4279 indicare
652 4237 712 4277 non
734 4226 794 4278 tam
816 4215 918 4300 ipsum
939 4233 1109 4277 sermonem
1125 4233 1215 4296 quam
1234 4213 1381 4274 sermonis

296 4342 528 4419 argumentum,
548 4355 610 4395 rem
630 4331 667 4394 de
685 4354 746 4414 qua
758 4352 855 4394 sermo
869 4339 922 4394 est.
943 4328 1092 4414 Exempla
1103 4336 1241 4413 prostant
1254 4324 1380 4409 ubique.
