3112 4914
609 388 861 434 commaneamus.
1238 370 1277 432 77

170 598 173 603 ’
194 584 303 647 ultima
328 605 382 646 von
407 605 423 646 e
444 582 627 667 praegressis
649 591 750 645 sumta
765 581 895 645 videtur.
912 579 1068 645 Sententia
1082 580 1124 644 ibi
1139 580 1278 664 postulat
1390 608 1392 612 ·

194 697 311 779 aliquid
329 696 559 760 huiuscemodi:
578 695 668 758 πλείω
684 691 823 758 λέλεκται
840 699 887 758 νῦν
903 718 936 758 σε
949 693 997 757 καί
1015 693 1094 773 πρὶν
1111 694 1126 768 ἢ
1143 694 1281 773 πρέπει.

195 810 310 874 Phoen.
333 813 395 872 523
416 812 453 881 ὡς
465 811 496 874 σύ
509 810 627 888 παρήσω
641 805 717 888 τῷδ’
734 810 805 886 ἐμὴν
817 807 968 887 σνραννιῒα
980 829 1147 891 pronomen
1160 807 1282 871 demon-

194 925 354 988 strativum
376 924 514 1007 ineptum
539 935 584 986 est
610 931 678 1008 post
702 923 866 987 secundam
892 946 1050 1007 personam
1066 922 1222 1003 ζεύνννσίε
1238 962 1282 972 -

194 1037 354 1114 πίμπλαθ’,
371 1037 491 1120 itaque,
509 1037 535 1099 si
552 1059 655 1100 versus
672 1037 824 1120 genuinus
842 1044 897 1112 est,
915 1059 975 1100 nou
993 1035 1103 1100 dubito
1116 1037 1190 1120 quin
1204 1037 1282 1117 τῷδ’

195 1150 273 1214 male
297 1151 459 1244 repetitum
485 1151 524 1213 sit
548 1174 563 1213 e
585 1173 626 1214 vs.
650 1153 730 1226 520,
751 1159 781 1214 et
797 1150 1047 1213 substituendum
1064 1151 1166 1226 σοίγ’.
1190 1151 1281 1230 Quod

140 1345 141 1348 Ἴ
195 1266 246 1329 hic
268 1264 414 1349 proposui
439 1265 558 1342 πλέκος,
588 1274 633 1328 est
658 1264 734 1328 Aah.
760 1267 825 1326 454
850 1273 880 1326 et
903 1264 971 1329 Pac.
996 1267 1071 1327 528.

240 1381 292 1442 40.
320 1379 411 1458 ὁρῷτο.
445 1377 592 1460 Sequitur
623 1377 787 1462 Optativus
823 1392 893 1462 post
924 1377 1069 1465 Praesens
1094 1378 1283 1443 historicum.

241 1496 292 1555 41.
316 1492 433 1575 poetice
463 1492 579 1555 dictum
612 1514 664 1576 pro
697 1491 751 1566 aa*
784 1492 853 1572 ἡλίῳ
883 1491 1123 1575 (ἀνατέλλοντι),
1158 1490 1213 1569 τίνα’
1239 1491 1286 1572 ἕῳ.

195 1606 293 1669 Ἡλίσν
317 1607 436 1689 κύκλος,
461 1613 496 1669 ut
520 1605 593 1670 Hec.
618 1609 681 1670 412
709 1615 739 1669 et
766 1605 830 1669 Alc.
857 1608 930 1670 208.
959 1606 1133 1670 Mirandum
1155 1615 1284 1670 nonest

197 1719 354 1803 Pythiam,
388 1718 460 1782 solis
494 1719 732 1804 prophetissam,
766 1743 835 1784 cum
868 1731 938 1783 ortu
971 1720 1028 1783 Dei
1060 1720 1097 1782 ad
1126 1720 1283 1784 oraculum

197 1834 262 1896 eius
283 1857 313 1896 sc
333 1833 477 1898 conferre.
498 1872 543 1882 -
559 1833 808 1906 ἱππεύοντος.
829 1833 892 1897 Soli
913 1834 1177 1918 quadrigam,
1201 1836 1284 1900 nocti

197 1946 325 2031 bigam
357 1945 492 2011 tribuere
524 1947 625 2010 solent
658 1954 772 2031 poetae.
817 1947 862 2011 De
894 1947 958 2011 sole
983 1948 1019 2013 cf.
1044 1952 1107 2024 82,
1133 1949 1170 2012 de
1196 1959 1285 2013 nocte

197 2059 275 2123 inira
303 2062 395 2123 1150.
435 2063 593 2124 Aurora
615 2058 714 2124 Orest.
739 2063 802 2122 995
828 2068 954 2124 vocatur
976 2061 1150 2139 μσνίπινλσς.

242 2172 406 2257 Euripides
440 2171 530 2236 verba
557 2173 712 2249 εἰσβαίνειν
737 2183 765 2236 et
790 2174 961 2250 εἰσβάλλειν
985 2183 1159 2240 constanter
1182 2177 1284 2261 iungit

199 2309 268 2350 cum
300 2285 502 2362 Accusativo,
535 2287 668 2370 exceptis
696 2286 772 2350 locis
794 2287 891 2352 Elect.
917 2291 966 2354 79.
990 2289 1061 2367 βοῦς
1085 2291 1141 2361 εἰς
1164 2291 1285 2370 νίρσύρας

199 2400 363 2478 είσβαλνίν,
386 2407 416 2463 et
441 2402 503 2465 775
529 2400 683 2477 είσβνίνσες
706 2439 750 2449 -
773 2403 829 2473 είς
848 2401 1002 2480 σίμαξιτίν.
1030 2402 1176 2486 Similiter
1194 2405 1284 2468 verbo

200 2515 369 2594 εἰσέρχομαι
389 2513 436 2577 bia
456 2521 577 2578 tanturn
603 2515 721 2578 addidit
746 2517 1000 2600 praepositionem
1026 2517 1140 2583 Phoen.
1166 2523 1230 2582 534
1255 2528 1285 2582 et

200 2627 299 2692 Orest.
336 2630 440 2704 1119,
479 2635 509 2691 et
544 2629 576 2691 in
609 2629 734 2712 reliquis
766 2651 889 2712 quoque
916 2630 1016 2694 verbis
1040 2632 1084 2695 ita
1108 2633 1285 2716 compositis

200 2765 266 2807 rara
297 2749 343 2804 est
375 2740 455 2826 apud
480 2764 549 2805 eum
573 2743 806 2826 praepositionis
830 2745 980 2828 repetitio.
1015 2747 1192 2811 Είσσίσσειν
1217 2768 1286 2809 con·

200 2856 301 2944 iungit
324 2854 447 2940 utrique
470 2856 571 2932 casui,
597 2856 708 2919 Dativo
733 2864 762 2920 et
786 2858 979 2924 Accusativo.

246 2974 297 3034 44.
322 2969 511 3048 ε’ίανίμασ’
534 2970 565 3033 εί
591 2970 689 3044 τλαίη.
711 2968 768 3035 ·Of.
792 2970 939 3036 Badham.
963 2971 1001 3036 ad
1026 2972 1053 3036 h.
1070 2971 1105 3045 1.,
1129 2973 1183 3056 qui
1206 2980 1287 3036 recte

201 3083 359 3148 contendit
382 3081 463 3146 idem
487 3104 550 3145 esse
570 3104 604 3145 ac
624 3083 650 3145 si
671 3083 799 3146 dixisset
819 3085 976 3163 ἐθαύμασα
992 3083 1110 3160 τλῆναι.Ι
1125 3085 1207 3150 Med.
1223 3089 1286 3150 1114

202 3197 310 3278 φόβος
333 3199 364 3262 εί
388 3195 478 3260 πείσω
502 3196 581 3259 valet
603 3233 648 3244 —-
670 3198 718 3275 μὴ
741 3199 780 3260 αὖ
803 3198 903 3263 σείσω.

248 3315 300 3377 45.
323 3311 413 3388 ὑπὲρ
437 3346 481 3358 -
504 3310 687 3391 θυμέλας,
719 3309 764 3374 Of.
795 3313 875 3387 161,
905 3314 980 3377 228.
1013 3311 1072 3375 llic
1097 3312 1175 3376 nihil
1200 3314 1286 3378 aliud

202 3424 278 3487 dicit
301 3444 393 3507 quam
417 3421 471 3497 ἔξω
495 3427 545 3486 τσῦ
568 3421 650 3501 ἱεροῦ.
683 3421 921 3505 Praepositionis
945 3423 990 3485 vis
1017 3422 1120 3487 eadem
1146 3431 1207 3502 est,
1229 3447 1289 3508 qua

203 3538 317 3602 dicitur
340 3535 523 3614 ὑπερβαίνειν
545 3536 628 3611 δῶμα
651 3536 705 3618 pro
729 3533 831 3610 ἐξιέναι
855 3538 887 3600 ἒα
911 3544 963 3610 τῆς
986 3537 1085 3607 σίκίας.

248 3654 301 3717 47.
324 3651 372 3715 καί
397 3651 466 3721 θείς.
495 3648 555 3711 Vix
577 3656 674 3723 recte,
692 3671 754 3713 non
773 3650 958 3733 impediente
975 3658 1091 3726 metro,
1109 3650 1163 3713 ubi
1178 3650 1289 3734 Apollo

204 3767 315 3831 diserte
339 3765 544 3850 significatur,
570 3762 654 3826 abest
678 3763 834 3826 articulus.
866 3763 932 3828 Nec
956 3772 1058 3827 tamen
1084 3786 1153 3826 cum
1179 3763 1290 3827 Kirch·

205 3881 295 3945 hoffio
320 3879 491 3964 scripserim
515 3874 658 3953 ὠμότατ’·
682 3879 695 3942 ὁ
719 3878 778 3956 adp
802 3877 880 3953 ίείς,
905 3879 977 3962 quia
996 3877 1119 3942 beneex
1142 3877 1289 3942 librorum

205 3993 336 4057 lectione
367 3999 457 4077 poeta
488 3989 562 4053 dicit
596 3987 741 4072 Pythiae,
776 3990 835 4052 iam
865 3999 974 4074 sponte
1006 4012 1062 4053 sua
1084 3988 1291 4054 misericordia

206 4112 317 4178 tactae,
330 4101 572 4166 benevolentiam
586 4099 705 4162 auxisse
719 4099 904 4183 Apollinem,
919 4101 967 4164 cui
980 4100 1062 4164 cordi
1077 4108 1156 4163 esset
1169 4099 1290 4185 pueruli

206 4238 279 4283 sors.
315 4217 428 4280 Melius
460 4215 557 4298 igitur
589 4219 619 4274 et
651 4213 818 4296 simplicius
852 4214 985 4278 llindorf
1009 4217 1054 4294 χώ
1080 4237 1133 4298 pro
1157 4213 1214 4277 καί.
1251 4211 1291 4275 Et

207 4333 249 4414 sio
272 4331 385 4395 rectius
410 4329 550 4415 sequitur
573 4324 673 4409 τρέφει
695 4323 741 4392 δέ.
