3112 4914
619 404 872 450 couuuuusnrus.
1226 379 1287 454 '149

169 597 172 600 ’
201 599 283 675 354,
317 599 394 664 Ach.
427 604 478 664 41.
513 598 696 684 Intellegere
728 599 872 663 videntur
905 623 953 665 vv.
984 601 1051 666 dd.:
1085 601 1180 694 haec
1212 602 1287 667 illa

200 715 364 777 occasio
388 722 467 790 est,
493 736 571 798 qua
597 715 674 777 sati
701 736 844 778 sumus.
884 714 1022 778 Badham
1046 715 1184 779 distinxit
1207 711 1287 782 τοῦτ’

199 825 297 890 ἐκεῖν’·
328 824 361 892 ἵν’
386 828 571 908 ἐσπόρηροεν,
597 849 658 891 non
684 828 749 891 sine
776 850 866 892 causa
889 850 1015 917 mouens
1039 829 1119 893 hanc
1141 816 1286 913 interpre-

198 923 345 1004 tationem
365 948 455 1004 notae
477 940 626 1005 formulae
647 941 752 1005 sensui
768 965 956 1026 repugnare3
974 940 1014 1007 ἵν’
1030 944 1208 1023 ἐσπόρημεν,
1225 945 1283 1022 ait,

199 1056 433 1119 sententiae
457 1055 626 1119 initium
650 1062 726 1125 eat.
751 1077 865 1138 quam
890 1057 1202 1142 interpellando
1226 1081 1285 1122 ex-

198 1168 287 1251 plet
311 1163 483 1234 Xuthus.
515 1168 621 1232 Fidem
645 1167 806 1245 haberem,
831 1171 856 1233 si
881 1171 954 1234 satis
977 1171 1171 1234 manifestum
1188 1181 1282 1244 esset,

198 1303 259 1364 quo
292 1289 381 1366 pacto
413 1283 478 1368 ipse
510 1283 563 1367 Io,
595 1282 619 1345 si
648 1293 734 1368 pater
757 1306 818 1347 nou
843 1283 1084 1370 interpellasset,
1109 1284 1284 1350 incohatam

200 1395 381 1459 sententiam
406 1396 582 1480 expleturus
606 1397 722 1462 fuisset.
747 1396 849 1477 Quare
873 1399 974 1462 nescio
998 1422 1035 1463 an
1057 1398 1147 1462 verba
1163 1401 1206 1463 sic
1222 1400 1285 1464 sint

198 1509 424 1593 intellegenda,
451 1519 486 1575 ut
509 1509 588 1576 τοῦτ’
613 1513 699 1576 ἐκεῖνο
725 1513 769 1575 sit
789 1512 968 1577 exclamatio
991 1514 1037 1578 διὰ
1060 1515 1167 1591 ρκέσον,
1189 1522 1219 1577 et
1238 1513 1284 1580 ἵνοο

198 1627 262 1684 arte
289 1621 480 1705 iungendum
501 1645 569 1685 cum
588 1623 797 1708 superioribus
821 1625 920 1688 Xuthi
947 1625 1045 1689 verbis
1070 1627 1200 1707 Βονκχόον
1216 1627 1283 1708 πρός

198 1733 319 1808 ἡδοναῖς.
343 1733 542 1817 Sequentinrn
558 1735 662 1818 paullo
676 1734 800 1818 quidem
814 1736 959 1801 incertior
972 1746 1017 1800 est
1031 1737 1216 1814 emendatio,
1230 1738 1283 1802 sed
1372 1761 1375 1765 ’

197 1847 277 1909 inter
307 1868 341 1909 ea
373 1868 450 1929 quae
485 1847 623 1910 coniecta
648 1859 722 1910 sunt
746 1849 875 1912 niaxime
899 1848 997 1933 placet
1021 1849 1168 1915 Badhami
1192 1872 1283 1934 quarn

198 1961 296 2044 recepi
321 1961 475 2024 correctio.
512 1959 573 2023 Vix
599 1961 679 2023 enim
705 1962 839 2036 sufficit,
865 1948 957 2045 quod*
972 1963 1065 2045 vulgo
1089 1963 1190 2027 editur
1213 1987 1284 2028 auc-

198 2081 265 2138 tore
290 2074 424 2138 Heathio
447 2074 461 2138 ό
484 2073 597 2151 πότμος
620 2073 752 2154 ἐξηῦρεν,
776 2076 890 2150 σέκνον,
919 2076 1001 2158 qnod
1027 2079 1070 2140 ita
1094 2086 1213 2141 tantum
1237 2078 1283 2141 in·

198 2187 301 2270 tellegi
334 2194 454 2272 posset,
487 2189 512 2250 si
543 2189 694 2250 sententia
726 2197 820 2250 esset:
857 2186 938 2269 (uhi
968 2198 1081 2252 satus
1107 2191 1175 2273 sis)
1197 2191 1283 2254 fors

197 2300 367 2365 invenit.
398 2299 487 2380 Quae
508 2301 535 2364 si
555 2301 624 2365 ferri
646 2309 763 2385 posset,
780 2301 864 2365 hunc
879 2301 979 2366 locum
994 2303 1036 2367 sic
1050 2302 1283 2367 constituerem:

198 2415 242 2481 lo.
274 2414 352 2480 τοῦτ’
386 2415 478 2481 ἐκεῖν’.
507 2415 606 2480 Xuth.
635 2414 668 2480 ἵν’
693 2415 867 2496 ἐσποόρης
890 2416 956 2492 μὲν
979 2418 993 2481 ό
1016 2415 1129 2493 πότμος
1152 2414 1283 2495 ἐξηῦρεν,

197 2530 306 2594 σε’κνον.
343 2530 385 2592 At
417 2529 496 2592 enim
531 2528 692 2592 manifesto
717 2535 803 2612 pater
826 2527 925 2592 dicere
949 2527 1056 2592 debet:
1084 2528 1145 2592 hic
1168 2537 1206 2595 te
1229 2551 1285 2592 ca-

196 2661 263 2705 sus
299 2642 476 2718 invonit,
515 2642 567 2705 mi
601 2641 688 2721 sili3
725 2641 895 2724 neque'in
934 2640 987 2704 illa
1021 2643 1171 2706 sententia
1204 2649 1284 2706 recte

196 2744 322 2819 haberet
346 2755 359 2818 ό
382 2754 513 2831 πότμος,
539 2753 592 2818 sed
615 2755 628 2818 ό
651 2755 757 2831 λόγος,
781 2775 890 2838 nempe
914 2762 1053 2818 nostrum
1076 2754 1281 2838 colloquium,

196 2889 257 2951 quo
289 2867 367 2931 duce
400 2868 479 2931 hanc
511 2889 573 2931 rem
603 2867 891 2948 concludimus—
917 2866 966 2930 Ad
993 2867 1082 2931 verba
1105 2864 1146 2931 ἐν’
1168 2867 1283 2932 ἐοποό-
1329 2903 1333 2907 -

194 2999 312 3060 ρηρκεν
335 2979 372 3045 cf.
392 2979 506 3045 Bacch.
526 2981 590 3043 228
612 2978 707 3055 ἄλλην
731 2980 755 3044 δ’
777 2980 883 3045 οέλλόσ’
907 2968 947 3052 εἰς
971 2981 1089 3059 ἐρημόοον
1109 2979 1115 3068 Ι
1135 2981 1283 3046 πσόσσον·

194 3118 251 3159 σοον
280 3095 376 3162 edaci-5
410 3092 532 3172 ἐρσένων
561 3094 723 3174 ὑπηρετεῖν,
743 3091 748 3180 Ι
769 3093 915 3174 πρόφοοσον
941 3094 994 3171 ρκέν
1019 3095 1057 3166 ός
1080 3093 1113 3168 δη
1135 3094 1282 3171 aaronitae

195 3205 357 3288 θυοσκόους,
378 3202 385 3291 Ι
404 3206 456 3279 πέρν
479 3203 503 3268 δ’
524 3205 698 3285 Ἀφροδίτην
721 3204 824 3286 πρόσθ’4
842 3204 927 3283 ἄνειν
947 3212 997 3272 τοῦ
1015 3207 1157 3286 Βοοκχέον.
1189 3206 1282 3291 Apud

194 3316 327 3381 comicos
362 3324 466 3400 poetas
499 3314 626 3379 Latinos
665 3315 831 3381 Cereris
873 3317 1039 3402 vigiliis
1071 3318 1188 3402 puellas
1220 3341 1282 3381 non

194 3452 262 3495 raro
294 3439 485 3514 stuprantur,
519 3450 580 3512 quo
612 3437 728 3513 spectat
759 3430 876 3495 dictum
908 3430 1063 3495 Ciceronis
1090 3433 1122 3494 in
1146 3430 1224 3495 libro
1248 3431 1282 3495 ΙΙ

194 3543 236 3606 de
266 3539 449 3624 Legibus
481 3539 579 3624 „quid
611 3551 713 3605 autem
747 3541 823 3606 mihi
851 3542 1011 3627 displiceat
1038 3543 1069 3607 in
1092 3544 1185 3609 sacris
1208 3565 1282 3607 noc-

193 3656 311 3731 turnis,
336 3654 442 3738 poetae
466 3653 605 3718 indicant
630 3653 767 3720 comici.’'
791 3656 837 3720 De
856 3655 1100 3721 Bacchanalibus
1121 3657 1158 3722 cl.
1175 3655 1278 3720 Plauti

193 3768 364 3833 Cistellaria
388 3767 414 3845 I,
439 3772 470 3850 3,
497 3770 526 3832 8.
596 3797 599 3803 ¹

239 3885 314 3947 555.
345 3881 511 3958 ἔκβολον
534 3882 645 3957 κόρης
671 3881 731 3966 (Of.
756 3882 793 3944 ad
819 3885 912 3969 964),
934 3884 951 3947 i.
969 3905 993 3949 e.
1018 3883 1139 3956 ἐκπεόεὶς
1156 3884 1279 3958 ὑπὸτῆς

192 3996 287 4076 κόρης,
312 3994 330 4071 η’
352 3993 380 4060 π’
404 3995 499 4061 ἔτεκεν
523 3999 591 4076 ποορ’
615 3999 694 4072 ἐμοῦ.
720 3995 833 4060 Phoen.
851 3999 917 4060 804
935 3995 1046 4077 βρέφος
1057 3994 1176 4074 ἔκβολον
1187 3996 1277 4062 οἴκων.

192 4109 263 4173 ΑΙίο
294 4131 386 4173 seusu
417 4109 527 4175 Bacch.
565 4112 605 4172 91
639 4107 667 4173 όν
694 4111 790 4184 νηδύος
814 4109 933 4186 ἔκβολον
957 4110 1057 4184 ἔτεκε,
1082 4110 1136 4174 ubi
1159 4109 1278 4188 ἔκβολον

192 4224 274 4289 haud
288 4246 374 4288 secus
388 4247 422 4288 ac
435 4225 503 4289 loco
516 4224 600 4288 Ionis
612 4226 781 4308 ceterisque
794 4224 968 4309 Euripideis
981 4226 1030 4307 (cl.
1048 4225 1116 4309 Iph.
1129 4226 1162 4290 Τ.
1179 4229 1275 4302 1042,

193 4338 261 4410 Hel,
286 4342 349 4401 429
375 4348 405 4401 et
430 4340 529 4423 1214)
549 4336 775 4404 substantivum
796 4361 861 4403 esse
881 4338 1078 4415 crediderim,
1101 4361 1164 4401 non
1180 4338 1277 4402 ediec-
