<?xml version="1.0" encoding="UTF-8"?>
<!DOCTYPE html PUBLIC "-//W3C//DTD XHTML 1.0 Transitional//EN"
    "http://www.w3.org/TR/xhtml1/DTD/xhtml1-transitional.dtd">
<html xmlns="http://www.w3.org/1999/xhtml" xml:lang="en" lang="en">
 <head>
  <title>
</title>
<meta http-equiv="Content-Type" content="text/html;charset=utf-8" />
  <meta name='ocr-system' content='tesseract 3.04.00' />
  <meta name='ocr-capabilities' content='ocr_page ocr_carea ocr_par ocr_line ocrx_word'/>
</head>
<body>
  <div class='ocr_page' id='page_1' title='image "./in00herwgoog_0206.png"; bbox 0 0 3112 4914; ppageno 0'>
   <div class='ocr_carea' id='block_1_1' title="bbox 616 368 1285 436">
    <p class='ocr_par' dir='ltr' id='par_1_1' title="bbox 616 368 1285 436">
     <span class='ocr_line' id='line_1_1' title="bbox 616 368 1285 436; baseline -0.003 0"><span class='ocrx_word' id='word_1_1' title='bbox 616 389 867 436; x_wconf 81' lang='lat' dir='ltr'><strong>couunuraaros.</strong></span> <span class='ocrx_word' id='word_1_2' title='bbox 1222 368 1285 434; x_wconf 85' lang='lat'><strong>185</strong></span> 
     </span>
    </p>
   </div>
   <div class='ocr_carea' id='block_1_2' title="bbox 125 587 1368 3065">
    <p class='ocr_par' dir='ltr' id='par_1_2' title="bbox 196 587 1368 2035">
     <span class='ocr_line' id='line_1_2' title="bbox 199 587 1283 671; baseline -0.001 -22"><span class='ocrx_word' id='word_1_3' title='bbox 199 609 267 649; x_wconf 90' lang='lat' dir='ltr'><strong>nem</strong></span> <span class='ocrx_word' id='word_1_4' title='bbox 303 587 494 664; x_wconf 70' lang='grc' dir='ltr'><em>ἄνδνομὸν</em></span> <span class='ocrx_word' id='word_1_5' title='bbox 537 608 591 671; x_wconf 92' lang='lat' dir='ltr'><strong>pro</strong></span> <span class='ocrx_word' id='word_1_6' title='bbox 626 587 755 668; x_wconf 66' lang='grc' dir='ltr'><em>ἀνθίζειν.</em></span> <span class='ocrx_word' id='word_1_7' title='bbox 803 587 951 651; x_wconf 82' lang='lat' dir='ltr'><strong>Similiter</strong></span> <span class='ocrx_word' id='word_1_8' title='bbox 984 589 1073 650; x_wconf 88' lang='lat' dir='ltr'><strong>fiores</strong></span> <span class='ocrx_word' id='word_1_9' title='bbox 1108 594 1283 669; x_wconf 77' lang='lat' dir='ltr'><strong>carpentem</strong></span> 
     </span>
     <span class='ocr_line' id='line_1_3' title="bbox 200 701 1284 787; baseline 0 -24"><span class='ocrx_word' id='word_1_10' title='bbox 200 701 409 786; x_wconf 79' lang='lat' dir='ltr'><strong>Proserpinam</strong></span> <span class='ocrx_word' id='word_1_11' title='bbox 442 701 606 766; x_wconf 90' lang='lat' dir='ltr'><strong>Plutonem</strong></span> <span class='ocrx_word' id='word_1_12' title='bbox 635 705 770 787; x_wconf 82' lang='lat' dir='ltr'><strong>rapuisse</strong></span> <span class='ocrx_word' id='word_1_13' title='bbox 793 711 866 767; x_wconf 86' lang='lat' dir='ltr'><strong>nota</strong></span> <span class='ocrx_word' id='word_1_14' title='bbox 891 711 936 766; x_wconf 87' lang='lat' dir='ltr'><strong>est</strong></span> <span class='ocrx_word' id='word_1_15' title='bbox 959 702 1080 778; x_wconf 87' lang='lat' dir='ltr'><strong>fabula,</strong></span> <span class='ocrx_word' id='word_1_16' title='bbox 1106 724 1195 784; x_wconf 90' lang='lat' dir='ltr'><strong>quam</strong></span> <span class='ocrx_word' id='word_1_17' title='bbox 1224 701 1284 763; x_wconf 88' lang='lat' dir='ltr'><strong>ele-</strong></span> 
     </span>
     <span class='ocr_line' id='line_1_4' title="bbox 199 813 1284 898; baseline -0.003 -20"><span class='ocrx_word' id='word_1_18' title='bbox 199 815 375 898; x_wconf 83' lang='lat' dir='ltr'><strong>gantissime</strong></span> <span class='ocrx_word' id='word_1_19' title='bbox 411 814 591 898; x_wconf 82' lang='lat' dir='ltr'><strong>descriptam</strong></span> <span class='ocrx_word' id='word_1_20' title='bbox 622 816 659 878; x_wconf 90' lang='lat' dir='ltr'><strong>ab</strong></span> <span class='ocrx_word' id='word_1_21' title='bbox 690 815 801 879; x_wconf 85' lang='lat' dir='ltr'><strong>Ovidio</strong></span> <span class='ocrx_word' id='word_1_22' title='bbox 832 818 864 879; x_wconf 93' lang='lat' dir='ltr'><strong>in</strong></span> <span class='ocrx_word' id='word_1_23' title='bbox 897 815 1162 898; x_wconf 89' lang='lat' dir='ltr'><strong>Metamorph.</strong></span> <span class='ocrx_word' id='word_1_24' title='bbox 1197 813 1284 897; x_wconf 90' lang='lat' dir='ltr'><strong>pueri</strong></span> 
     </span>
     <span class='ocr_line' id='line_1_5' title="bbox 199 928 1282 1013; baseline -0.001 -22"><span class='ocrx_word' id='word_1_25' title='bbox 199 929 336 1012; x_wconf 83' lang='lat' dir='ltr'><strong>legimus.</strong></span> <span class='ocrx_word' id='word_1_26' title='bbox 381 928 487 992; x_wconf 76' lang='lat' dir='ltr'><strong>Eidem</strong></span> <span class='ocrx_word' id='word_1_27' title='bbox 520 930 667 993; x_wconf 79' lang='lat' dir='ltr'><strong>intentam</strong></span> <span class='ocrx_word' id='word_1_28' title='bbox 699 932 822 1013; x_wconf 81' lang='lat' dir='ltr'><strong>negotio</strong></span> <span class='ocrx_word' id='word_1_29' title='bbox 855 930 901 993; x_wconf 86' lang='lat' dir='ltr'><strong>rel</strong></span> <span class='ocrx_word' id='word_1_30' title='bbox 934 929 1008 993; x_wconf 93' lang='lat' dir='ltr'><strong>ludo</strong></span> <span class='ocrx_word' id='word_1_31' title='bbox 1032 952 1063 992; x_wconf 86' lang='lat' dir='ltr'><strong>se</strong></span> <span class='ocrx_word' id='word_1_32' title='bbox 1087 952 1104 992; x_wconf 93' lang='lat' dir='ltr'><strong>a</strong></span> <span class='ocrx_word' id='word_1_33' title='bbox 1129 928 1282 993; x_wconf 82' lang='lat' dir='ltr'><strong>Mercurio</strong></span> 
     </span>
     <span class='ocr_line' id='line_1_6' title="bbox 198 1042 1282 1127; baseline 0.001 -23"><span class='ocrx_word' id='word_1_34' title='bbox 198 1042 360 1107; x_wconf 82' lang='lat' dir='ltr'><strong>sublimem</strong></span> <span class='ocrx_word' id='word_1_35' title='bbox 391 1052 506 1127; x_wconf 87' lang='lat' dir='ltr'><strong>raptam</strong></span> <span class='ocrx_word' id='word_1_36' title='bbox 540 1067 605 1106; x_wconf 91' lang='lat' dir='ltr'><strong>esse</strong></span> <span class='ocrx_word' id='word_1_37' title='bbox 636 1045 776 1126; x_wconf 90' lang='lat' dir='ltr'><strong>queritur</strong></span> <span class='ocrx_word' id='word_1_38' title='bbox 808 1044 925 1108; x_wconf 87' lang='lat' dir='ltr'><strong>Helena</strong></span> <span class='ocrx_word' id='word_1_39' title='bbox 956 1045 986 1107; x_wconf 91' lang='lat' dir='ltr'><strong>in</strong></span> <span class='ocrx_word' id='word_1_40' title='bbox 1015 1045 1196 1126; x_wconf 86' lang='lat' dir='ltr'><strong>cognomine</strong></span> <span class='ocrx_word' id='word_1_41' title='bbox 1220 1052 1282 1106; x_wconf 87' lang='lat' dir='ltr'><strong>tra-</strong></span> 
     </span>
     <span class='ocr_line' id='line_1_7' title="bbox 197 1156 1281 1240; baseline -0.001 -20"><span class='ocrx_word' id='word_1_42' title='bbox 197 1157 307 1240; x_wconf 85' lang='lat' dir='ltr'><strong>goedia</strong></span> <span class='ocrx_word' id='word_1_43' title='bbox 332 1160 395 1220; x_wconf 77' lang='grc'><strong>944</strong></span> <span class='ocrx_word' id='word_1_44' title='bbox 418 1157 531 1238; x_wconf 69' lang='grc' dir='ltr'><em>χλοερὰ</em></span> <span class='ocrx_word' id='word_1_45' title='bbox 554 1158 729 1238; x_wconf 73' lang='grc' dir='ltr'><em>δρεπομέναν</em></span> <span class='ocrx_word' id='word_1_46' title='bbox 752 1159 805 1223; x_wconf 81' lang='grc' dir='ltr'><strong>ἔσο</strong></span> <span class='ocrx_word' id='word_1_47' title='bbox 831 1159 951 1224; x_wconf 73' lang='grc' dir='ltr'><em>πέπλων</em></span> <span class='ocrx_word' id='word_1_48' title='bbox 974 1160 1054 1239; x_wconf 71' lang='grc' dir='ltr'><strong>Ιὅοδεοο</strong></span> <span class='ocrx_word' id='word_1_49' title='bbox 1078 1159 1208 1222; x_wconf 65' lang='lat' dir='ltr'><strong>atrata.</strong></span> <span class='ocrx_word' id='word_1_50' title='bbox 1236 1156 1281 1219; x_wconf 88' lang='lat' dir='ltr'><strong>De</strong></span> 
     </span>
     <span class='ocr_line' id='line_1_8' title="bbox 197 1271 1368 1365; baseline 0 -31"><span class='ocrx_word' id='word_1_51' title='bbox 197 1293 290 1355; x_wconf 89' lang='lat' dir='ltr'><strong>puero</strong></span> <span class='ocrx_word' id='word_1_52' title='bbox 326 1271 414 1335; x_wconf 88' lang='lat' dir='ltr'><strong>flores</strong></span> <span class='ocrx_word' id='word_1_53' title='bbox 449 1273 585 1356; x_wconf 82' lang='lat' dir='ltr'><strong>carpenti</strong></span> <span class='ocrx_word' id='word_1_54' title='bbox 618 1274 830 1337; x_wconf 85' lang='lat' dir='ltr'><strong>suavissimum</strong></span> <span class='ocrx_word' id='word_1_55' title='bbox 864 1274 964 1337; x_wconf 89' lang='lat' dir='ltr'><strong>locam</strong></span> <span class='ocrx_word' id='word_1_56' title='bbox 991 1296 1026 1336; x_wconf 82' lang='lat' dir='ltr'><strong>ex</strong></span> <span class='ocrx_word' id='word_1_57' title='bbox 1053 1272 1284 1356; x_wconf 79' lang='lat' dir='ltr'><strong>Hypsipyle</strong></span> <span class='ocrx_word' id='word_1_58' title='bbox 1365 1361 1368 1365; x_wconf 12' lang='grc' dir='ltr'><em>γ</em></span> 
     </span>
     <span class='ocr_line' id='line_1_9' title="bbox 196 1386 1281 1473; baseline -0.001 -26"><span class='ocrx_word' id='word_1_59' title='bbox 196 1387 291 1448; x_wconf 84' lang='lat' dir='ltr'><strong>nostri</strong></span> <span class='ocrx_word' id='word_1_60' title='bbox 324 1387 455 1449; x_wconf 89' lang='lat' dir='ltr'><strong>servavit</strong></span> <span class='ocrx_word' id='word_1_61' title='bbox 483 1387 665 1451; x_wconf 80' lang='lat' dir='ltr'><strong>Plutarchus</strong></span> <span class='ocrx_word' id='word_1_62' title='bbox 691 1387 768 1453; x_wconf 91' lang='lat' dir='ltr'><strong>Mor.</strong></span> <span class='ocrx_word' id='word_1_63' title='bbox 793 1411 820 1472; x_wconf 94' lang='lat' dir='ltr'><strong>p.</strong></span> <span class='ocrx_word' id='word_1_64' title='bbox 846 1390 907 1451; x_wconf 94' lang='grc'><strong>661</strong></span> <span class='ocrx_word' id='word_1_65' title='bbox 927 1387 951 1450; x_wconf 79' lang='lat' dir='ltr'>F</span> <span class='ocrx_word' id='word_1_66' title='bbox 975 1390 1056 1473; x_wconf 84' lang='grc'>(754</span> <span class='ocrx_word' id='word_1_67' title='bbox 1080 1410 1127 1471; x_wconf 89' lang='lat' dir='ltr'><strong>ap.</strong></span> <span class='ocrx_word' id='word_1_68' title='bbox 1148 1386 1281 1467; x_wconf 45' lang='lat' dir='ltr'><strong>‘Dind.):</strong></span> 
     </span>
     <span class='ocr_line' id='line_1_10' title="bbox 197 1496 1283 1589; baseline 0 -27"><span class='ocrx_word' id='word_1_69' title='bbox 197 1496 288 1578; x_wconf 75' lang='grc' dir='ltr'><em>ἕτερον</em></span> <span class='ocrx_word' id='word_1_70' title='bbox 318 1500 367 1579; x_wconf 73' lang='grc' dir='ltr'><strong>ἐφ’</strong></span> <span class='ocrx_word' id='word_1_71' title='bbox 398 1501 482 1578; x_wconf 73' lang='grc' dir='ltr'><em>ἑτέρῳ</em></span> <span class='ocrx_word' id='word_1_72' title='bbox 511 1500 727 1586; x_wconf 69' lang='grc' dir='ltr'><em>(φάρεοννΡ)</em></span> <span class='ocrx_word' id='word_1_73' title='bbox 751 1501 896 1578; x_wconf 71' lang='grc' dir='ltr'><em>αἰρόμενος</em></span> <span class='ocrx_word' id='word_1_74' title='bbox 917 1499 922 1589; x_wconf 83' lang='grc' dir='ltr'>Ι</span> <span class='ocrx_word' id='word_1_75' title='bbox 942 1499 1067 1580; x_wconf 74' lang='grc' dir='ltr'><em>ἄγρευμ’</em></span> <span class='ocrx_word' id='word_1_76' title='bbox 1092 1500 1195 1564; x_wconf 66' lang='grc' dir='ltr'><em>ἐνθέων</em></span> <span class='ocrx_word' id='word_1_77' title='bbox 1220 1499 1283 1579; x_wconf 69' lang='grc' dir='ltr'><em>ᾐδο-</em></span> 
     </span>
     <span class='ocr_line' id='line_1_11' title="bbox 197 1613 1282 1700; baseline -0.002 -22"><span class='ocrx_word' id='word_1_78' title='bbox 197 1637 273 1695; x_wconf 83' lang='grc' dir='ltr'><em>μενρι</em></span> <span class='ocrx_word' id='word_1_79' title='bbox 302 1620 393 1696; x_wconf 72' lang='grc' dir='ltr'><strong>ψυχᾷ</strong></span> <span class='ocrx_word' id='word_1_80' title='bbox 413 1613 418 1700; x_wconf 90' lang='grc' dir='ltr'>Ι</span> <span class='ocrx_word' id='word_1_81' title='bbox 439 1615 471 1678; x_wconf 81' lang='grc' dir='ltr'><strong>τὸ</strong></span> <span class='ocrx_word' id='word_1_82' title='bbox 498 1616 594 1689; x_wconf 71' lang='grc' dir='ltr'><em>νήπιον</em></span> <span class='ocrx_word' id='word_1_83' title='bbox 616 1614 768 1690; x_wconf 71' lang='grc' dir='ltr'><em>ἄπληστον</em></span> <span class='ocrx_word' id='word_1_84' title='bbox 791 1616 877 1696; x_wconf 75' lang='grc' dir='ltr'><em>ἔχων.</em></span> <span class='ocrx_word' id='word_1_85' title='bbox 903 1653 947 1663; x_wconf 91' lang='grc'>-</span> <span class='ocrx_word' id='word_1_86' title='bbox 970 1622 1282 1696; x_wconf 76' lang='grc' dir='ltr'><em>χροοοονποοογῆ,</em></span> 
     </span>
     <span class='ocr_line' id='line_1_12' title="bbox 197 1728 1279 1813; baseline -0.002 -22"><span class='ocrx_word' id='word_1_87' title='bbox 197 1728 284 1791; x_wconf 90' lang='lat' dir='ltr'><strong>auri</strong></span> <span class='ocrx_word' id='word_1_88' title='bbox 309 1728 563 1811; x_wconf 84' lang='lat' dir='ltr'><strong>splendorem</strong></span> <span class='ocrx_word' id='word_1_89' title='bbox 590 1731 879 1802; x_wconf 85' lang='lat' dir='ltr'><strong>aemulantem,</strong></span> <span class='ocrx_word' id='word_1_90' title='bbox 905 1730 1083 1813; x_wconf 83' lang='lat' dir='ltr'><strong>Musgravio</strong></span> <span class='ocrx_word' id='word_1_91' title='bbox 1103 1731 1279 1812; x_wconf 87' lang='lat' dir='ltr'><strong>interprete.</strong></span> 
     </span>
     <span class='ocr_line' id='line_1_13' title="bbox 199 1841 1280 1928; baseline -0.001 -25"><span class='ocrx_word' id='word_1_92' title='bbox 199 1841 303 1904; x_wconf 90' lang='lat' dir='ltr'><strong>Minus</strong></span> <span class='ocrx_word' id='word_1_93' title='bbox 328 1865 394 1906; x_wconf 89' lang='lat' dir='ltr'><strong>rara</strong></span> <span class='ocrx_word' id='word_1_94' title='bbox 417 1854 490 1906; x_wconf 88' lang='lat' dir='ltr'><strong>sant</strong></span> <span class='ocrx_word' id='word_1_95' title='bbox 513 1845 665 1920; x_wconf 63' lang='lat' dir='ltr'><strong>areanis</strong></span> <span class='ocrx_word' id='word_1_96' title='bbox 690 1852 720 1908; x_wconf 88' lang='lat' dir='ltr'><strong>et</strong></span> <span class='ocrx_word' id='word_1_97' title='bbox 739 1847 909 1921; x_wconf 77' lang='grc' dir='ltr'><em>οένποοννεῖν,</em></span> <span class='ocrx_word' id='word_1_98' title='bbox 928 1867 989 1928; x_wconf 91' lang='lat' dir='ltr'><strong>quo</strong></span> <span class='ocrx_word' id='word_1_99' title='bbox 1006 1842 1098 1906; x_wconf 89' lang='lat' dir='ltr'><strong>verbo</strong></span> <span class='ocrx_word' id='word_1_100' title='bbox 1115 1841 1280 1926; x_wconf 79' lang='lat' dir='ltr'><strong>Euripides</strong></span> 
     </span>
     <span class='ocr_line' id='line_1_14' title="bbox 197 1955 649 2035; baseline 0.009 -17"><span class='ocrx_word' id='word_1_101' title='bbox 197 1955 297 2018; x_wconf 90' lang='lat' dir='ltr'><strong>utitur</strong></span> <span class='ocrx_word' id='word_1_102' title='bbox 320 1955 419 2021; x_wconf 87' lang='lat' dir='ltr'><strong>Orest.</strong></span> <span class='ocrx_word' id='word_1_103' title='bbox 447 1961 541 2035; x_wconf 85' lang='grc'>1519,</span> <span class='ocrx_word' id='word_1_104' title='bbox 568 1959 649 2023; x_wconf 88' lang='lat' dir='ltr'><strong>alibi.</strong></span> 
     </span>
    </p>

    <p class='ocr_par' dir='ltr' id='par_1_3' title="bbox 125 2070 1282 3065">
     <span class='ocr_line' id='line_1_15' title="bbox 244 2070 1282 2157; baseline 0.003 -27"><span class='ocrx_word' id='word_1_105' title='bbox 244 2072 317 2132; x_wconf 88' lang='grc'><strong>895.</strong></span> <span class='ocrx_word' id='word_1_106' title='bbox 349 2070 573 2146; x_wconf 62' lang='lat' dir='ltr'><strong>accusarer</strong></span> <span class='ocrx_word' id='word_1_107' title='bbox 608 2074 689 2156; x_wconf 92' lang='lat' dir='ltr'><strong>quod</strong></span> <span class='ocrx_word' id='word_1_108' title='bbox 724 2075 809 2138; x_wconf 90' lang='lat' dir='ltr'><strong>metri</strong></span> <span class='ocrx_word' id='word_1_109' title='bbox 835 2096 925 2137; x_wconf 87' lang='lat' dir='ltr'><strong>causa</strong></span> <span class='ocrx_word' id='word_1_110' title='bbox 949 2073 1086 2157; x_wconf 87' lang='lat' dir='ltr'><strong>reposuit</strong></span> <span class='ocrx_word' id='word_1_111' title='bbox 1110 2095 1179 2135; x_wconf 90' lang='lat' dir='ltr'><strong>cum</strong></span> <span class='ocrx_word' id='word_1_112' title='bbox 1206 2071 1282 2134; x_wconf 91' lang='lat' dir='ltr'><strong>Har-</strong></span> 
     </span>
     <span class='ocr_line' id='line_1_16' title="bbox 125 2183 1282 2268; baseline 0.001 -24"><span class='ocrx_word' id='word_1_113' title='bbox 125 2185 127 2189; x_wconf 81' lang='grc'><strong>’</strong></span> <span class='ocrx_word' id='word_1_114' title='bbox 197 2183 306 2266; x_wconf 85' lang='lat' dir='ltr'><strong>tungio</strong></span> <span class='ocrx_word' id='word_1_115' title='bbox 332 2183 466 2248; x_wconf 85' lang='lat' dir='ltr'><strong>Diodori</strong></span> <span class='ocrx_word' id='word_1_116' title='bbox 486 2207 541 2268; x_wconf 95' lang='lat' dir='ltr'><strong>pro</strong></span> <span class='ocrx_word' id='word_1_117' title='bbox 565 2187 733 2262; x_wconf 74' lang='grc' dir='ltr'><em>ὁμευνέπνς,</em></span> <span class='ocrx_word' id='word_1_118' title='bbox 759 2187 848 2249; x_wconf 90' lang='lat' dir='ltr'><strong>nimis</strong></span> <span class='ocrx_word' id='word_1_119' title='bbox 873 2187 1003 2250; x_wconf 88' lang='lat' dir='ltr'><strong>incertae</strong></span> <span class='ocrx_word' id='word_1_120' title='bbox 1029 2186 1098 2248; x_wconf 85' lang='lat' dir='ltr'><strong>fidei</strong></span> <span class='ocrx_word' id='word_1_121' title='bbox 1126 2192 1188 2260; x_wconf 87' lang='lat' dir='ltr'><strong>est,</strong></span> <span class='ocrx_word' id='word_1_122' title='bbox 1209 2184 1282 2266; x_wconf 87' lang='lat' dir='ltr'><strong>quia</strong></span> 
     </span>
     <span class='ocr_line' id='line_1_17' title="bbox 197 2296 1282 2379; baseline 0.002 -22"><span class='ocrx_word' id='word_1_123' title='bbox 197 2296 346 2379; x_wconf 90' lang='lat' dir='ltr'><strong>simplicis</strong></span> <span class='ocrx_word' id='word_1_124' title='bbox 363 2297 504 2361; x_wconf 85' lang='lat' dir='ltr'><strong>vocabuli</strong></span> <span class='ocrx_word' id='word_1_125' title='bbox 520 2299 616 2362; x_wconf 87' lang='lat' dir='ltr'><strong>forma</strong></span> <span class='ocrx_word' id='word_1_126' title='bbox 632 2308 773 2362; x_wconf 84' lang='lat' dir='ltr'><strong>constans</strong></span> <span class='ocrx_word' id='word_1_127' title='bbox 791 2308 836 2362; x_wconf 86' lang='lat' dir='ltr'><strong>est</strong></span> <span class='ocrx_word' id='word_1_128' title='bbox 856 2299 986 2374; x_wconf 71' lang='grc' dir='ltr'><em>εὐνέτης,</em></span> <span class='ocrx_word' id='word_1_129' title='bbox 1009 2299 1094 2361; x_wconf 80' lang='lat' dir='ltr'><strong>iuxta</strong></span> <span class='ocrx_word' id='word_1_130' title='bbox 1112 2296 1235 2375; x_wconf 77' lang='grc' dir='ltr'><em>εὐνοὶπορ</em></span> <span class='ocrx_word' id='word_1_131' title='bbox 1252 2306 1282 2360; x_wconf 90' lang='lat' dir='ltr'><strong>et</strong></span> 
     </span>
     <span class='ocr_line' id='line_1_18' title="bbox 196 2411 1281 2496; baseline 0.001 -23"><span class='ocrx_word' id='word_1_132' title='bbox 196 2412 318 2490; x_wconf 77' lang='grc' dir='ltr'><em>εὖνοοπήρ</em></span> <span class='ocrx_word' id='word_1_133' title='bbox 342 2412 535 2494; x_wconf 82' lang='grc' dir='ltr'><em>(εὐνοιπεῖροο),</em></span> <span class='ocrx_word' id='word_1_134' title='bbox 560 2430 659 2496; x_wconf 88' lang='lat' dir='ltr'><strong>neque</strong></span> <span class='ocrx_word' id='word_1_135' title='bbox 683 2414 800 2487; x_wconf 71' lang='grc' dir='ltr'><em>εὐνῆπνρς</em></span> <span class='ocrx_word' id='word_1_136' title='bbox 824 2414 976 2495; x_wconf 89' lang='lat' dir='ltr'><strong>reperitur</strong></span> <span class='ocrx_word' id='word_1_137' title='bbox 998 2413 1057 2476; x_wconf 91' lang='lat' dir='ltr'><strong>nisi</strong></span> <span class='ocrx_word' id='word_1_138' title='bbox 1082 2411 1163 2495; x_wconf 89' lang='lat' dir='ltr'><strong>apud</strong></span> <span class='ocrx_word' id='word_1_139' title='bbox 1184 2411 1281 2496; x_wconf 88' lang='lat' dir='ltr'><strong>Hesy-</strong></span> 
     </span>
     <span class='ocr_line' id='line_1_19' title="bbox 197 2524 1281 2606; baseline 0.004 -20"><span class='ocrx_word' id='word_1_140' title='bbox 197 2524 317 2587; x_wconf 89' lang='lat' dir='ltr'><strong>chium:</strong></span> <span class='ocrx_word' id='word_1_141' title='bbox 343 2527 522 2600; x_wconf 74' lang='grc' dir='ltr'><em>εὐνήπνς·</em></span> <span class='ocrx_word' id='word_1_142' title='bbox 548 2527 634 2606; x_wconf 76' lang='grc' dir='ltr'><em>οὶνήρ,</em></span> <span class='ocrx_word' id='word_1_143' title='bbox 661 2527 714 2591; x_wconf 91' lang='lat' dir='ltr'><strong>ubi</strong></span> <span class='ocrx_word' id='word_1_144' title='bbox 737 2528 865 2591; x_wconf 88' lang='lat' dir='ltr'><strong>fortasse</strong></span> <span class='ocrx_word' id='word_1_145' title='bbox 891 2529 988 2591; x_wconf 91' lang='lat' dir='ltr'><strong>verior</strong></span> <span class='ocrx_word' id='word_1_146' title='bbox 1003 2527 1093 2590; x_wconf 92' lang='lat' dir='ltr'><strong>lectio</strong></span> <span class='ocrx_word' id='word_1_147' title='bbox 1117 2535 1164 2590; x_wconf 86' lang='lat' dir='ltr'><strong>est</strong></span> <span class='ocrx_word' id='word_1_148' title='bbox 1184 2529 1281 2600; x_wconf 80' lang='grc' dir='ltr'><em>εὐνν-</em></span> 
     </span>
     <span class='ocr_line' id='line_1_20' title="bbox 196 2636 1279 2724; baseline 0 -24"><span class='ocrx_word' id='word_1_149' title='bbox 196 2639 272 2715; x_wconf 74' lang='grc' dir='ltr'><em>πήρ.</em></span> <span class='ocrx_word' id='word_1_150' title='bbox 320 2637 468 2702; x_wconf 86' lang='lat' dir='ltr'><strong>Similiter</strong></span> <span class='ocrx_word' id='word_1_151' title='bbox 504 2639 614 2703; x_wconf 90' lang='lat' dir='ltr'><strong>ibidem</strong></span> <span class='ocrx_word' id='word_1_152' title='bbox 656 2643 871 2716; x_wconf 75' lang='grc' dir='ltr'><em>ὁμεννήπον</em></span> <span class='ocrx_word' id='word_1_153' title='bbox 905 2640 992 2703; x_wconf 84' lang='lat' dir='ltr'><strong>facile</strong></span> <span class='ocrx_word' id='word_1_154' title='bbox 1028 2649 1128 2724; x_wconf 90' lang='lat' dir='ltr'><strong>potest</strong></span> <span class='ocrx_word' id='word_1_155' title='bbox 1164 2636 1279 2703; x_wconf 86' lang='lat' dir='ltr'><strong>scribae</strong></span> 
     </span>
     <span class='ocr_line' id='line_1_21' title="bbox 196 2749 1280 2838; baseline 0.001 -25"><span class='ocrx_word' id='word_1_156' title='bbox 196 2749 330 2830; x_wconf 73' lang='grc' dir='ltr'><em>οφρέλμον</em></span> <span class='ocrx_word' id='word_1_157' title='bbox 362 2775 425 2815; x_wconf 83' lang='lat' dir='ltr'><strong>esse</strong></span> <span class='ocrx_word' id='word_1_158' title='bbox 458 2776 512 2836; x_wconf 91' lang='lat' dir='ltr'><strong>pro</strong></span> <span class='ocrx_word' id='word_1_159' title='bbox 543 2755 710 2835; x_wconf 78' lang='grc' dir='ltr'><em>ὁμεονέπον,</em></span> <span class='ocrx_word' id='word_1_160' title='bbox 743 2753 825 2838; x_wconf 90' lang='lat' dir='ltr'><strong>quod</strong></span> <span class='ocrx_word' id='word_1_161' title='bbox 854 2753 941 2816; x_wconf 88' lang='lat' dir='ltr'><strong>malit</strong></span> <span class='ocrx_word' id='word_1_162' title='bbox 965 2752 1158 2816; x_wconf 85' lang='lat' dir='ltr'><strong>Schmidt.</strong></span> <span class='ocrx_word' id='word_1_163' title='bbox 1198 2751 1280 2814; x_wconf 89' lang='lat' dir='ltr'><strong>Utut</strong></span> 
     </span>
     <span class='ocr_line' id='line_1_22' title="bbox 197 2866 1278 2952; baseline -0.002 -22"><span class='ocrx_word' id='word_1_164' title='bbox 197 2873 258 2941; x_wconf 87' lang='lat' dir='ltr'><strong>est,</strong></span> <span class='ocrx_word' id='word_1_165' title='bbox 284 2889 327 2931; x_wconf 86' lang='lat' dir='ltr'><strong>vs.</strong></span> <span class='ocrx_word' id='word_1_166' title='bbox 351 2867 579 2951; x_wconf 88' lang='lat' dir='ltr'><strong>antistrophici,</strong></span> <span class='ocrx_word' id='word_1_167' title='bbox 601 2869 644 2946; x_wconf 80' lang='lat' dir='ltr'><strong>sic</strong></span> <span class='ocrx_word' id='word_1_168' title='bbox 660 2869 765 2952; x_wconf 84' lang='lat' dir='ltr'><strong>scripti</strong></span> <span class='ocrx_word' id='word_1_169' title='bbox 782 2869 812 2931; x_wconf 88' lang='lat' dir='ltr'><strong>in</strong></span> <span class='ocrx_word' id='word_1_170' title='bbox 831 2867 915 2932; x_wconf 89' lang='lat' dir='ltr'><strong>libris</strong></span> <span class='ocrx_word' id='word_1_171' title='bbox 932 2891 980 2942; x_wconf 82' lang='grc' dir='ltr'><strong>μοι</strong></span> <span class='ocrx_word' id='word_1_172' title='bbox 1001 2866 1049 2931; x_wconf 80' lang='lat' dir='ltr'><strong>aad</strong></span> <span class='ocrx_word' id='word_1_173' title='bbox 1071 2867 1118 2938; x_wconf 76' lang='grc' dir='ltr'><strong>σὸς</strong></span> <span class='ocrx_word' id='word_1_174' title='bbox 1138 2866 1278 2942; x_wconf 70' lang='lat' dir='ltr'><strong>caduca,</strong></span> 
     </span>
     <span class='ocr_line' id='line_1_23' title="bbox 197 2980 1279 3065; baseline 0 -24"><span class='ocrx_word' id='word_1_175' title='bbox 197 2981 342 3044; x_wconf 88' lang='lat' dir='ltr'><strong>correctio</strong></span> <span class='ocrx_word' id='word_1_176' title='bbox 367 2981 584 3058; x_wconf 88' lang='lat' dir='ltr'><strong>Diodorfiana‚</strong></span> <span class='ocrx_word' id='word_1_177' title='bbox 610 3004 701 3065; x_wconf 91' lang='lat' dir='ltr'><strong>quam</strong></span> <span class='ocrx_word' id='word_1_178' title='bbox 727 2992 761 3045; x_wconf 93' lang='lat' dir='ltr'><strong>ut</strong></span> <span class='ocrx_word' id='word_1_179' title='bbox 784 2981 945 3046; x_wconf 87' lang='lat' dir='ltr'><strong>dochmius</strong></span> <span class='ocrx_word' id='word_1_180' title='bbox 962 2982 1056 3044; x_wconf 88' lang='lat' dir='ltr'><strong>exiret</strong></span> <span class='ocrx_word' id='word_1_181' title='bbox 1074 2980 1201 3056; x_wconf 84' lang='lat' dir='ltr'><strong>admisi,</strong></span> <span class='ocrx_word' id='word_1_182' title='bbox 1219 3001 1279 3042; x_wconf 90' lang='lat' dir='ltr'><strong>uon</strong></span> 
     </span>
    </p>
   </div>
   <div class='ocr_carea' id='block_1_3' title="bbox 196 3092 1277 3178">
    <p class='ocr_par' dir='ltr' id='par_1_4' title="bbox 196 3092 1277 3178">
     <span class='ocr_line' id='line_1_24' title="bbox 196 3092 1277 3178; baseline -0.001 -22"><span class='ocrx_word' id='word_1_183' title='bbox 196 3094 238 3156; x_wconf 86' lang='lat' dir='ltr'><strong>ita</strong></span> <span class='ocrx_word' id='word_1_184' title='bbox 270 3104 351 3158; x_wconf 87' lang='lat' dir='ltr'><strong>certa</strong></span> <span class='ocrx_word' id='word_1_185' title='bbox 381 3105 442 3170; x_wconf 87' lang='lat' dir='ltr'><strong>est,</strong></span> <span class='ocrx_word' id='word_1_186' title='bbox 478 3105 513 3158; x_wconf 90' lang='lat' dir='ltr'><strong>ut</strong></span> <span class='ocrx_word' id='word_1_187' title='bbox 539 3097 695 3168; x_wconf 81' lang='grc' dir='ltr'><em>ὁμεονέποος</em></span> <span class='ocrx_word' id='word_1_188' title='bbox 722 3105 839 3160; x_wconf 89' lang='lat' dir='ltr'><strong>mutare</strong></span> <span class='ocrx_word' id='word_1_189' title='bbox 863 3096 985 3159; x_wconf 86' lang='lat' dir='ltr'><strong>audiam</strong></span> <span class='ocrx_word' id='word_1_190' title='bbox 1010 3095 1041 3158; x_wconf 90' lang='lat' dir='ltr'><strong>in</strong></span> <span class='ocrx_word' id='word_1_191' title='bbox 1067 3093 1171 3170; x_wconf 90' lang='lat' dir='ltr'><strong>aliud,</strong></span> <span class='ocrx_word' id='word_1_192' title='bbox 1194 3092 1277 3178; x_wconf 91' lang='lat' dir='ltr'><strong>quod</strong></span> 
     </span>
    </p>
   </div>
   <div class='ocr_carea' id='block_1_4' title="bbox 177 3207 1281 4204">
    <p class='ocr_par' dir='ltr' id='par_1_5' title="bbox 196 3207 836 3291">
     <span class='ocr_line' id='line_1_25' title="bbox 196 3207 836 3291; baseline 0.003 -22"><span class='ocrx_word' id='word_1_193' title='bbox 196 3207 348 3272; x_wconf 87' lang='lat' dir='ltr'><strong>incertum</strong></span> <span class='ocrx_word' id='word_1_194' title='bbox 373 3216 418 3270; x_wconf 85' lang='lat' dir='ltr'><strong>est</strong></span> <span class='ocrx_word' id='word_1_195' title='bbox 443 3229 480 3270; x_wconf 90' lang='lat' dir='ltr'><strong>an</strong></span> <span class='ocrx_word' id='word_1_196' title='bbox 507 3223 650 3291; x_wconf 91' lang='lat' dir='ltr'><strong>umquam</strong></span> <span class='ocrx_word' id='word_1_197' title='bbox 676 3210 836 3273; x_wconf 88' lang='lat' dir='ltr'><strong>exstiterit.</strong></span> 
     </span>
    </p>

    <p class='ocr_par' dir='ltr' id='par_1_6' title="bbox 196 3322 1281 3522">
     <span class='ocr_line' id='line_1_26' title="bbox 242 3322 1281 3408; baseline -0.001 -24"><span class='ocrx_word' id='word_1_198' title='bbox 242 3324 315 3386; x_wconf 79' lang='grc'><strong>901.</strong></span> <span class='ocrx_word' id='word_1_199' title='bbox 342 3322 426 3385; x_wconf 87' lang='lat' dir='ltr'><strong>Dura</strong></span> <span class='ocrx_word' id='word_1_200' title='bbox 450 3331 495 3384; x_wconf 92' lang='lat' dir='ltr'><strong>est</strong></span> <span class='ocrx_word' id='word_1_201' title='bbox 521 3323 709 3407; x_wconf 88' lang='lat' dir='ltr'><strong>pronominis</strong></span> <span class='ocrx_word' id='word_1_202' title='bbox 724 3325 866 3400; x_wconf 83' lang='lat' dir='ltr'><strong>omissio,</strong></span> <span class='ocrx_word' id='word_1_203' title='bbox 885 3323 967 3408; x_wconf 90' lang='lat' dir='ltr'><strong>quod</strong></span> <span class='ocrx_word' id='word_1_204' title='bbox 984 3323 1162 3406; x_wconf 88' lang='lat' dir='ltr'><strong>absorptum</strong></span> <span class='ocrx_word' id='word_1_205' title='bbox 1180 3322 1281 3405; x_wconf 90' lang='lat' dir='ltr'><strong>suspi-</strong></span> 
     </span>
     <span class='ocr_line' id='line_1_27' title="bbox 196 3436 893 3522; baseline 0.006 -24"><span class='ocrx_word' id='word_1_206' title='bbox 196 3457 248 3498; x_wconf 90' lang='lat' dir='ltr'><strong>cor</strong></span> <span class='ocrx_word' id='word_1_207' title='bbox 271 3436 380 3501; x_wconf 88' lang='lat' dir='ltr'><strong>ultima</strong></span> <span class='ocrx_word' id='word_1_208' title='bbox 403 3437 491 3500; x_wconf 90' lang='lat' dir='ltr'><strong>litera</strong></span> <span class='ocrx_word' id='word_1_209' title='bbox 514 3437 654 3500; x_wconf 88' lang='lat' dir='ltr'><strong>vocabuli</strong></span> <span class='ocrx_word' id='word_1_210' title='bbox 677 3438 893 3522; x_wconf 87' lang='lat' dir='ltr'><strong>praecedentis.</strong></span> 
     </span>
    </p>

    <p class='ocr_par' dir='ltr' id='par_1_7' title="bbox 177 3547 1281 4204">
     <span class='ocr_line' id='line_1_28' title="bbox 242 3547 1280 3635; baseline 0 -25"><span class='ocrx_word' id='word_1_211' title='bbox 242 3550 316 3610; x_wconf 83' lang='grc'><strong>968.</strong></span> <span class='ocrx_word' id='word_1_212' title='bbox 349 3548 528 3612; x_wconf 90' lang='lat' dir='ltr'><strong>Postulante</strong></span> <span class='ocrx_word' id='word_1_213' title='bbox 559 3560 655 3613; x_wconf 91' lang='lat' dir='ltr'><strong>metro</strong></span> <span class='ocrx_word' id='word_1_214' title='bbox 679 3550 750 3613; x_wconf 92' lang='lat' dir='ltr'><strong>dedi</strong></span> <span class='ocrx_word' id='word_1_215' title='bbox 773 3549 843 3626; x_wconf 73' lang='grc' dir='ltr'><em>ἔστ’,</em></span> <span class='ocrx_word' id='word_1_216' title='bbox 869 3551 951 3634; x_wconf 91' lang='lat' dir='ltr'><strong>quod</strong></span> <span class='ocrx_word' id='word_1_217' title='bbox 973 3552 1121 3635; x_wconf 84' lang='lat' dir='ltr'><strong>scriptum</strong></span> <span class='ocrx_word' id='word_1_218' title='bbox 1145 3547 1187 3616; x_wconf 70' lang='grc' dir='ltr'><strong>ὅς’</strong></span> <span class='ocrx_word' id='word_1_219' title='bbox 1211 3571 1280 3612; x_wconf 90' lang='lat' dir='ltr'><strong>cum</strong></span> 
     </span>
     <span class='ocr_line' id='line_1_29' title="bbox 196 3658 1280 3748; baseline 0.001 -25"><span class='ocrx_word' id='word_1_220' title='bbox 196 3658 244 3734; x_wconf 63' lang='lat' dir='ltr'><strong>tr,</strong></span> <span class='ocrx_word' id='word_1_221' title='bbox 278 3662 359 3743; x_wconf 93' lang='lat' dir='ltr'><strong>quod</strong></span> <span class='ocrx_word' id='word_1_222' title='bbox 394 3664 494 3726; x_wconf 88' lang='lat' dir='ltr'><strong>estin</strong></span> <span class='ocrx_word' id='word_1_223' title='bbox 521 3663 677 3740; x_wconf 90' lang='lat' dir='ltr'><strong>Palatino,</strong></span> <span class='ocrx_word' id='word_1_224' title='bbox 702 3664 850 3728; x_wconf 85' lang='lat' dir='ltr'><strong>confundi</strong></span> <span class='ocrx_word' id='word_1_225' title='bbox 875 3665 962 3727; x_wconf 86' lang='lat' dir='ltr'><strong>facile</strong></span> <span class='ocrx_word' id='word_1_226' title='bbox 987 3667 1097 3748; x_wconf 84' lang='lat' dir='ltr'><strong>potuit.</strong></span> <span class='ocrx_word' id='word_1_227' title='bbox 1133 3663 1226 3742; x_wconf 78' lang='lat' dir='ltr'><strong>Quod</strong></span> <span class='ocrx_word' id='word_1_228' title='bbox 1249 3663 1280 3725; x_wconf 92' lang='lat' dir='ltr'><strong>in</strong></span> 
     </span>
     <span class='ocr_line' id='line_1_30' title="bbox 177 3756 1281 3865; baseline 0 -26"><span class='ocrx_word' id='word_1_229' title='bbox 177 3756 376 3841; x_wconf 27' lang='lat' dir='ltr'><strong>&#39;Florentino</strong></span> <span class='ocrx_word' id='word_1_230' title='bbox 400 3801 464 3841; x_wconf 81' lang='lat' dir='ltr'><strong>esse</strong></span> <span class='ocrx_word' id='word_1_231' title='bbox 486 3776 517 3850; x_wconf 62' lang='lat' dir='ltr'><strong>tr</strong></span> <span class='ocrx_word' id='word_1_232' title='bbox 537 3783 569 3855; x_wconf 73' lang='grc' dir='ltr'><strong>γ’</strong></span> <span class='ocrx_word' id='word_1_233' title='bbox 592 3782 788 3865; x_wconf 88' lang='lat' dir='ltr'><strong>suspicantur</strong></span> <span class='ocrx_word' id='word_1_234' title='bbox 811 3781 906 3862; x_wconf 87' lang='lat' dir='ltr'><strong>magis</strong></span> <span class='ocrx_word' id='word_1_235' title='bbox 931 3802 1022 3862; x_wconf 87' lang='lat' dir='ltr'><strong>quam</strong></span> <span class='ocrx_word' id='word_1_236' title='bbox 1048 3781 1151 3843; x_wconf 91' lang='lat' dir='ltr'><strong>sciunt</strong></span> <span class='ocrx_word' id='word_1_237' title='bbox 1167 3778 1281 3861; x_wconf 90' lang='lat' dir='ltr'><strong>recepit</strong></span> 
     </span>
     <span class='ocr_line' id='line_1_31' title="bbox 198 3891 1280 3978; baseline 0 -25"><span class='ocrx_word' id='word_1_238' title='bbox 198 3891 337 3955; x_wconf 83' lang='lat' dir='ltr'><strong>Diodori.</strong></span> <span class='ocrx_word' id='word_1_239' title='bbox 387 3892 446 3955; x_wconf 85' lang='lat' dir='ltr'><strong>Sed</strong></span> <span class='ocrx_word' id='word_1_240' title='bbox 488 3893 580 3956; x_wconf 89' lang='lat' dir='ltr'><strong>huius</strong></span> <span class='ocrx_word' id='word_1_241' title='bbox 619 3895 676 3957; x_wconf 91' lang='lat' dir='ltr'><strong>loci</strong></span> <span class='ocrx_word' id='word_1_242' title='bbox 710 3902 755 3956; x_wconf 89' lang='lat' dir='ltr'><strong>est</strong></span> <span class='ocrx_word' id='word_1_243' title='bbox 792 3895 879 3976; x_wconf 92' lang='lat' dir='ltr'><strong>qui,</strong></span> <span class='ocrx_word' id='word_1_244' title='bbox 917 3916 978 3957; x_wconf 91' lang='lat' dir='ltr'><strong>non</strong></span> <span class='ocrx_word' id='word_1_245' title='bbox 1014 3894 1166 3978; x_wconf 89' lang='lat' dir='ltr'><strong>quippe</strong></span> <span class='ocrx_word' id='word_1_246' title='bbox 1202 3892 1280 3975; x_wconf 91' lang='lat' dir='ltr'><strong>qui.</strong></span> 
     </span>
     <span class='ocr_line' id='line_1_32' title="bbox 198 4005 1281 4091; baseline -0.003 -23"><span class='ocrx_word' id='word_1_247' title='bbox 198 4005 362 4089; x_wconf 81' lang='lat' dir='ltr'><strong>Epicorum</strong></span> <span class='ocrx_word' id='word_1_248' title='bbox 394 4016 511 4090; x_wconf 48' lang='lat' dir='ltr'><strong>autem,</strong></span> <span class='ocrx_word' id='word_1_249' title='bbox 528 4029 609 4069; x_wconf 89' lang='lat' dir='ltr'><strong>more</strong></span> <span class='ocrx_word' id='word_1_250' title='bbox 641 4010 774 4091; x_wconf 83' lang='lat' dir='ltr'><strong>tragicos</strong></span> <span class='ocrx_word' id='word_1_251' title='bbox 806 4008 836 4070; x_wconf 94' lang='lat' dir='ltr'><strong>in</strong></span> <span class='ocrx_word' id='word_1_252' title='bbox 866 4007 982 4070; x_wconf 90' lang='lat' dir='ltr'><strong>melicis</strong></span> <span class='ocrx_word' id='word_1_253' title='bbox 1006 4006 1208 4090; x_wconf 84' lang='lat' dir='ltr'><strong>(Aeschylum</strong></span> <span class='ocrx_word' id='word_1_254' title='bbox 1234 4006 1281 4066; x_wconf 91' lang='lat' dir='ltr'><strong>vel</strong></span> 
     </span>
     <span class='ocr_line' id='line_1_33' title="bbox 197 4116 1147 4204; baseline 0 -24"><span class='ocrx_word' id='word_1_255' title='bbox 197 4117 229 4180; x_wconf 88' lang='lat' dir='ltr'><strong>iu</strong></span> <span class='ocrx_word' id='word_1_256' title='bbox 253 4116 388 4200; x_wconf 89' lang='lat' dir='ltr'><strong>dialogo)</strong></span> <span class='ocrx_word' id='word_1_257' title='bbox 412 4116 542 4181; x_wconf 83' lang='lat' dir='ltr'><strong>subinde</strong></span> <span class='ocrx_word' id='word_1_258' title='bbox 566 4116 632 4182; x_wconf 76' lang='grc' dir='ltr'><strong>ὅστε</strong></span> <span class='ocrx_word' id='word_1_259' title='bbox 658 4142 712 4204; x_wconf 92' lang='lat' dir='ltr'><strong>pro</strong></span> <span class='ocrx_word' id='word_1_260' title='bbox 736 4118 765 4190; x_wconf 67' lang='lat' dir='ltr'><strong>tr</strong></span> <span class='ocrx_word' id='word_1_261' title='bbox 789 4140 935 4202; x_wconf 89' lang='lat' dir='ltr'><strong>usurpare</strong></span> <span class='ocrx_word' id='word_1_262' title='bbox 958 4127 1066 4180; x_wconf 89' lang='lat' dir='ltr'><strong>notum</strong></span> <span class='ocrx_word' id='word_1_263' title='bbox 1092 4124 1147 4180; x_wconf 89' lang='lat' dir='ltr'><strong>est.</strong></span> 
     </span>
    </p>
   </div>
   <div class='ocr_carea' id='block_1_5' title="bbox 198 4224 1281 4431">
    <p class='ocr_par' dir='ltr' id='par_1_8' title="bbox 198 4224 1281 4431">
     <span class='ocr_line' id='line_1_34' title="bbox 244 4224 1280 4311; baseline -0.004 -18"><span class='ocrx_word' id='word_1_264' title='bbox 244 4233 317 4294; x_wconf 78' lang='lat'><strong>912.</strong></span> <span class='ocrx_word' id='word_1_265' title='bbox 349 4231 404 4299; x_wconf 75' lang='grc' dir='ltr'><strong>εἷς</strong></span> <span class='ocrx_word' id='word_1_266' title='bbox 435 4227 495 4301; x_wconf 82' lang='grc' dir='ltr'><strong>οὖς</strong></span> <span class='ocrx_word' id='word_1_267' title='bbox 527 4230 685 4311; x_wconf 74' lang='grc' dir='ltr'><em>καρύξω.</em></span> <span class='ocrx_word' id='word_1_268' title='bbox 721 4230 768 4294; x_wconf 78' lang='lat' dir='ltr'><strong>Of.</strong></span> <span class='ocrx_word' id='word_1_269' title='bbox 801 4233 864 4292; x_wconf 93' lang='grc'><strong>616</strong></span> <span class='ocrx_word' id='word_1_270' title='bbox 890 4244 919 4293; x_wconf 82' lang='lat' dir='ltr'><strong>et</strong></span> <span class='ocrx_word' id='word_1_271' title='bbox 948 4232 1047 4305; x_wconf 77' lang='lat'>1521,</span> <span class='ocrx_word' id='word_1_272' title='bbox 1073 4229 1172 4293; x_wconf 87' lang='lat' dir='ltr'><strong>Orest.</strong></span> <span class='ocrx_word' id='word_1_273' title='bbox 1200 4224 1280 4304; x_wconf 81' lang='lat'><strong>615,</strong></span> 
     </span>
     <span class='ocr_line' id='line_1_35' title="bbox 198 4344 1281 4431; baseline -0.001 -22"><span class='ocrx_word' id='word_1_274' title='bbox 198 4345 292 4431; x_wconf 88' lang='lat' dir='ltr'><strong>Hipp.</strong></span> <span class='ocrx_word' id='word_1_275' title='bbox 310 4349 384 4421; x_wconf 77' lang='grc'><strong>939,</strong></span> <span class='ocrx_word' id='word_1_276' title='bbox 406 4345 498 4409; x_wconf 77' lang='lat' dir='ltr'><strong>Andr.</strong></span> <span class='ocrx_word' id='word_1_277' title='bbox 520 4349 612 4421; x_wconf 78' lang='grc'><strong>1099,</strong></span> <span class='ocrx_word' id='word_1_278' title='bbox 635 4345 672 4409; x_wconf 86' lang='grc' dir='ltr'><strong>Η.</strong></span> <span class='ocrx_word' id='word_1_279' title='bbox 691 4344 724 4410; x_wconf 81' lang='lat' dir='ltr'><strong>F.</strong></span> <span class='ocrx_word' id='word_1_280' title='bbox 747 4349 841 4422; x_wconf 85' lang='grc'>1961,</span> <span class='ocrx_word' id='word_1_281' title='bbox 861 4345 1021 4430; x_wconf 73' lang='lat' dir='ltr'><strong>sophai.</strong></span> <span class='ocrx_word' id='word_1_282' title='bbox 1044 4345 1281 4416; x_wconf 63' lang='grc'><strong>1441111437.</strong></span> 
     </span>
    </p>
   </div>
   <div class='ocr_carea' id='block_1_6' title="bbox 0 0 1560 4914">
    <p class='ocr_par' dir='ltr' id='par_1_9' title="bbox 0 0 1560 4914">
     <span class='ocr_line' id='line_1_36' title="bbox 0 0 1560 4914; baseline 0 0"><span class='ocrx_word' id='word_1_283' title='bbox 0 0 1560 4914; x_wconf 95' lang='lat' dir='ltr'><strong> </strong></span> 
     </span>
    </p>
   </div>
  </div>
 </body>
</html>
