3112 4914
648 385 900 431 consonuimus.
1254 368 1314 429 141

231 581 338 658 XXII,
363 603 431 665 pag.
456 584 507 643 69.
530 617 575 628 -
598 579 728 659 πέτρα.
752 577 867 644 Barnes
884 586 988 642 monet
1009 601 1100 663 rupes
1118 587 1147 643 et
1164 579 1316 642 montium

232 696 367 760 culmina
397 700 489 775 atque
521 701 609 756 antra
638 692 700 756 fere
732 692 809 756 Pani
839 714 924 755 sacra
955 715 1073 776 semper
1103 691 1208 756 habita
1236 716 1317 770 esse,

232 809 314 872 unde
338 807 398 870 dici
422 808 679 886 φιλοσπήλνργα,
706 804 926 885 κρνρονοβοίτην,
952 803 1151 888 πετροβοίτνν,
1173 807 1318 884 dovurae,

233 920 417 1003 παρωρείσην.
836 916 839 923 “

277 1038 352 1099 494.
376 1033 489 1096 Notavi
512 1033 576 1097 Pal.
600 1032 666 1097 cod.
690 1032 852 1097 lectionem
872 1033 1041 1097 secundum
1058 1033 1151 1099 Dind.
1168 1032 1322 1118 Vollgraff

233 1149 308 1232 legit
331 1147 510 1227 μνχονδανσν.
534 1184 578 1196 -
602 1154 795 1226 Μακραῖς.
821 1145 867 1212 Of.
891 1151 909 1208 8
935 1155 964 1209 et
988 1149 1062 1212 936.

278 1264 352 1324 496.
375 1260 497 1341 χοροὺς
520 1259 704 1337 στείβουσι
728 1261 850 1326 ποδοίν.
882 1259 1021 1324 Badham
1049 1262 1099 1326 oft.
1130 1260 1188 1326 Od.
1212 1263 1226 1326 6
1254 1264 1318 1325 266

233 1376 386 1453 πέπληγον
409 1376 437 1439 δὲ
458 1375 636 1456 χορδν.ίείον
659 1376 751 1441 ποσίν.
774 1375 850 1438 Loci
873 1386 975 1439 tamen
995 1377 1123 1453 diversi,
1145 1377 1216 1459 quis
1234 1377 1318 1458 χορός

234 1490 315 1574 apud
349 1488 517 1553 Homerum
549 1500 594 1552 est
625 1489 729 1567 loeus,
762 1489 815 1553 ubi
846 1490 982 1554 saltatur.
1019 1490 1111 1574 Apud
1138 1491 1321 1576 Euripidem

236 1603 436 1666 Accusativns
464 1600 535 1665 inde
572 1600 786 1686 explicandus,
824 1603 906 1686 quod
944 1603 986 1666 its
1023 1604 1101 1667 dixit
1132 1626 1186 1689 pro
1217 1603 1320 1685 χίροος

234 1715 407 1797 χορεύουσιν.
445 1715 601 1779 Badhsmo
625 1723 726 1780 tamen
751 1715 896 1780 Dativum
920 1718 1101 1801 praeferenti
1125 1719 1283 1783 assentior.

281 1830 356 1894 496.
385 1829 430 1891 Ι)6
455 1829 553 1892 vicino
577 1828 706 1912 Aglauri
729 1829 839 1893 sacello
847 1879 856 1908 ,
881 1829 963 1893 unde
986 1829 1074 1893 scalis
1097 1829 1318 1894 ascendebatur

235 1942 268 2006 in
291 1940 496 2004 Erechtheum
520 1941 558 2005 of.
582 1939 673 2023 Dyer,
698 1939 717 2005 l.
733 1941 753 2005 l.
778 1963 846 2025 pag.
871 1945 930 2019 33,
955 1954 985 2004 et
1009 1943 1071 2003 eol
1090 1964 1135 2026 sq.

281 2057 356 2120 497.
379 2050 536 2133 χλοερα.
563 2051 706 2116 Direrbia
729 2053 788 2117 sibi
807 2053 962 2118 vindicant
982 2054 1108 2118 formam
1132 2064 1318 2120 contractam

236 2166 366 2248 χλοροίν.
390 2204 434 2213 -
459 2164 526 2244 πρὸ
549 2164 757 2235 Παλλοίδος
781 2171 885 2243 ναῶν,
909 2165 941 2228 in
959 2166 1179 2250 Acropolisoil.
1204 2165 1321 2246 „Quod

237 2282 289 2345 hic
311 2280 444 2344 traditur
466 2279 505 2342 de
528 2278 671 2361 Cecropis
695 2275 816 2342 filiabus
839 2278 964 2341 choreas
991 2287 1060 2361 post
1085 2287 1210 2343 mortem
1232 2302 1322 2364 agen-

238 2392 336 2469 tibus,
371 2391 539 2475 oomparari
571 2397 673 2474 potest
696 2411 766 2453 cum
790 2388 894 2453 fabula
917 2390 1095 2467 Protesilai,
1120 2413 1209 2474 quem
1236 2392 1323 2456 aiunt

239 2513 309 2591 post
344 2506 407 2568 fata
441 2505 473 2567 in
509 2503 699 2568 Chersoneso
735 2503 881 2567 Thracica
919 2526 1010 2568 cursu
1046 2526 1109 2568 sese
1146 2506 1323 2570 exercuisse.

240 2620 383 2683 Philostr.
409 2642 437 2702 p.
463 2621 527 2681 634
551 2617 580 2681 D
605 2618 651 2682 ed.
675 2617 753 2682 Mor.
778 2624 808 2681 et
831 2614 958 2693 Strabo,
984 2639 1012 2701 p.
1038 2619 1099 2681 595
1118 2617 1155 2681 D.
1184 2616 1325 2681 Videnda

240 2733 349 2812 etiam,
370 2755 447 2815 quae
466 2731 504 2794 de
525 2731 654 2795 Achillis
673 2731 765 2811 δρόμῳ
784 2729 899 2794 habent
915 2730 1108 2814 Geographi,
1122 2728 1240 2815 quibus
1252 2731 1325 2794 addi

239 2845 367 2908 Tnetnen
391 2845 428 2908 ad
452 2843 602 2929 Lycophr.
629 2844 723 2907 1923’
758 2844 882 2908 Musca.

285 2961 360 3022 498.
394 2963 467 3022 ναῶν
497 2958 643 3037 συρίγγων
673 2965 704 3042 66
733 2979 804 3021 mox
833 2960 944 3039 σνρίζρς
975 2954 996 3022 ὦ
1026 2956 1123 3024 Πανοίν
1153 2977 1265 3023 cunrsr
1292 2959 1324 3023 in

241 3073 406 3135 novissimo
429 3093 537 3155 opere,
567 3070 720 3134 Metrih
744 3071 812 3134 der
835 3070 1039 3135 Grieohen
1066 3072 1141 3134 und
1166 3071 1324 3146 Εὔηνον,

241 3206 271 3268 p.
306 3186 346 3246 53
380 3183 552 3267 suspicatur
581 3205 645 3247 esse
676 3205 866 3268 paeonem
891 3183 1097 3267 epibatum
1123 3206 1213 3270 quem
1238 3193 1326 3249 vocat

242 3296 394 3360 Aristides
410 3319 439 3380 p.
461 3299 512 3373 39,
531 3304 719 3360 constantem
736 3297 829 3380 longa
844 3297 925 3360 thesi
941 3304 971 3360 ct
986 3297 1077 3382 longa
1092 3300 1151 3362 arsi
1164 3307 1194 3363 et
1207 3299 1327 3363 duabus

242 3410 342 3494 longis
360 3409 498 3474 thesibus
515 3416 545 3473 et
561 3410 653 3494 longa
664 3410 734 3486 arsi,
748 3410 851 3493 itaque
865 3411 1126 3494 pronuntiandum
1141 3416 1166 3464 L
1178 3455 1203 3462 -
1217 3422 1242 3466 L
1256 3420 1326 3477 L—.

290 3526 478 3588 498-660.
512 3522 712 3602 συρίγγων
744 3560 786 3571 -
818 3521 952 3600 ὕμνων.
999 3524 1162 3608 Musgrave
1196 3526 1329 3590 coniecit

243 3642 449 3717 ονροκτῶν,
475 3636 557 3720 quod
582 3636 777 3721 praetulerim
801 3636 952 3702 Badhami
974 3638 1160 3724 suspicioni,
1183 3639 1217 3704 in
1234 3640 1328 3718 ὕμνων

243 3751 337 3816 latere
360 3752 508 3827 ποίμναις.

291 3868 365 3929 566.
401 3862 495 3929 ίσαν
532 3863 686 3936 αὖλίονς
722 3866 879 3948 σορίζρς
912 3904 958 3914 -
992 3866 1028 3930 ἐν
1062 3865 1217 3948 ίίντρονς
1250 3867 1329 3934 libri.

246 3979 448 4064 Depravatam
472 3978 653 4063 scripturam
679 4001 741 4042 esse
766 3980 883 4043 dudum
908 3989 1035 4045 constat.
1070 3981 1205 4066 Scaliger
1222 3992 1328 4046 contra

245 4099 376 4156 metrum
406 4089 591 4154 rescribebat
621 4093 764 4168 αὐλείοις,
793 4093 956 4176 Musgrave
979 4095 1097 4172 αὔλιος,
1124 4095 1207 4178 quod
1231 4103 1329 4158 aetate

245 4205 414 4289 Euripides
435 4227 499 4268 non
523 4206 625 4288 potuit
648 4208 806 4290 usurpari,
833 4216 868 4270 ut
890 4208 955 4292 ipse
979 4209 1091 4285 voluit,
1116 4230 1171 4293 pro
1192 4208 1328 4288 ἑσπέριος.

247 4318 305 4383 Vel
328 4319 416 4405 peius
440 4340 540 4403 nuper
562 4319 594 4382 in
610 4319 841 4385 adversariis
864 4321 1016 4386 criticis
1035 4324 1064 4387 ἕν
1083 4320 1192 4406 ἄντροις
1209 4319 1331 4390 delebat
