3112 4914
651 400 905 445 oouunurnurns.
1257 380 1320 443 237

281 600 375 662 1392.
398 597 439 662 ἔκ
462 620 566 667 τινος
590 594 799 671 ίεηλάτοο,
824 595 843 659 i.
862 617 886 659 e.
909 593 1038 676 ίείροτινὶ
1055 593 1156 675 μοίρρι,
1173 601 1208 656 ut
1224 591 1323 676 loqui-

233 723 285 776 tur
308 710 493 795 Xenophon.
517 708 563 774 Of.
592 711 676 771 1416
700 710 771 773 ίεῖον
789 708 859 773 vob&
884 707 930 773 cf.
947 707 984 773 ad
1003 709 1098 772 1306.
1124 706 1203 770 Vide
1220 714 1322 770 tamen

233 825 381 889 Badhemi
406 845 499 908 quam
524 823 654 907 apposui
679 823 897 887 coniecturam.

281 942 374 1002 1394.
398 936 595 1014 πλεγμάτων.
632 935 679 1002 Of.
704 939 757 1002 3⁷.
1137 1025 1140 1030 Ι

280 1055 375 1115 1395.
399 1050 480 1114 Cave
504 1051 614 1134 iungas
637 1049 668 1115 τί
689 1055 746 1116 τῶν
769 1051 963 1114 ἀνελπίστων.
992 1049 1118 1113 Dictum
1143 1047 1323 1130 εε1φάσριω

232 1172 288 1231 τῶν
318 1165 517 1238 ἀνελπίστων,
550 1173 585 1228 ut
616 1163 766 1241 βωκτηρίω
797 1169 853 1229 τῶν
882 1163 1065 1242 κωμπιίλων,
1098 1161 1219 1226 similia.
1253 1162 1321 1226 Alc.

236 1281 319 1344 1193
347 1281 459 1354 daia?
484 1277 660 1344 ἀνέλπιστον
682 1277 745 1342 τόδε
770 1300 839 1342 cum
864 1277 1007 1342 Nauckio
1032 1300 1093 1343 non
1118 1277 1263 1341 mutarim
1284 1264 1320 1339 in

231 1391 366 1477 φοίσρά,
392 1394 464 1476 quia
488 1394 572 1456 1127
599 1392 737 1474 sequitur
758 1390 874 1473 φοίσριοο
897 1391 1035 1472 νερτέρων.

232 1560 233 1563 ,
281 1509 376 1571 1396.
400 1504 511 1569 Nauck
536 1486 650 1590 recepit
667 1504 822 1589 Harlungi
839 1506 1046 1570 coniecturam
1063 1507 1159 1580 πολλη
1177 1542 1221 1565 ⁷-
1238 1500 1321 1578 ἦσίω.

236 1621 279 1684 At
302 1621 428 1705 ponitur
444 1619 567 1702 quidem
584 1621 676 1690 πολιίς
693 1635 748 1704 pro
765 1619 959 1683 vehemens
976 1627 1006 1683 et
1023 1627 1167 1703 potens,
1185 1618 1238 1682 sed
1255 1641 1318 1683 nou

233 1757 287 1819 pro
311 1735 481 1813 odiosus,
505 1736 763 1818 importunus,
790 1733 989 1810 molestus,
1013 1739 1050 1796 ut
1071 1731 1159 1816 saepe
1176 1731 1321 1796 multus

140 1903 142 1908 .
234 1847 317 1932 apud
340 1846 478 1912 Latinos.
514 1847 560 1913 Of.
585 1847 775 1913 Menaechm.
799 1846 843 1927 II,
868 1852 898 1926 9,
923 1849 975 1923 41,
1005 1835 1111 1930 ibique
1135 1847 1321 1910 Gronovius.

232 1961 324 2046 Paley
342 1962 431 2039 σίρω·
445 1962 576 2039 πολεμίοι
591 1961 640 2026 κοιί
653 1962 785 2041 ποίροιίεν
797 1958 871 2036 ἦσίά
883 1973 944 2038 μοι,
959 1968 995 2025 ut
1007 1960 1067 2024 alia
1079 1960 1182 2044 peiora
1195 1968 1320 2024 taceam.
1340 2042 1347 2049 ι

234 2074 314 2138 Mihi
337 2075 489 2139 sententia
512 2076 665 2159 requirere
689 2075 812 2139 videtur
836 2074 946 2154 πάροιί’
967 2074 1130 2154 ρ’χλοῦσοί
1150 2100 1208 2153 με,
1229 2097 1321 2160 quam

232 2190 438 2277 coniecturam
464 2165 605 2273 pluribus
629 2189 767 2253 adstruxi
798 2191 962 2272 Verelopen
986 2188 1042 2266 IV,
1070 2193 1099 2266 2,
1123 2212 1153 2273 p.
1183 2186 1255 2253 189.

280 2305 374 2368 1397.
397 2306 464 2392 οὐν
486 2305 522 2366 ε’ν
545 2313 669 2384 σιωπῇ
692 2302 820 2381 τάριοί,
845 2325 918 2367 nou
944 2325 982 2367 ea
1005 2312 1063 2367 est
1086 2326 1210 2367 rerum
1233 2324 1323 2367 mea·

232 2439 315 2479 rum
340 2416 531 2481 conditio
554 2424 599 2481 ut
622 2424 759 2480 tacere
783 2417 943 2501 possim.
966 2417 1320 2499 111011.ε’νσιωπῇ--

232 2530 261 2593 ἕν
283 2531 368 2618 ιωοιρῷ
391 2538 510 2605 σιωπῆς.
533 2530 602 2614 Iph.
628 2531 665 2594 A.
692 2533 777 2594 1843
802 2533 852 2596 οὐκ
876 2533 904 2595 ε’ν
924 2531 1063 2611 ἁβρότητι
1080 2539 1184 2596 κείσωι.
1209 2531 1319 2598 troad.

235 2645 319 2707 1143
345 2666 388 2727 sq.
421 2645 573 2709 πέπλοισιν
604 2646 640 2715 ὡς
672 2644 851 2733 περιστείλης
883 2646 976 2725 νεκρόν
996 2642 1001 2733 Ι
1021 2644 1177 2726 στεφάνοις
1209 2645 1243 2722 θ’,
1268 2643 1319 2721 ίση

231 2780 273 2821 σοι
296 2755 436 2834 δύνωμις,
461 2759 506 2827 ὡς
532 2757 619 2836 ἔχει
642 2759 688 2822 τά
712 2757 775 2832 σά,
800 2780 861 2821 non
886 2758 949 2821 fero
973 2758 1152 2843 asyndeton.
1185 2758 1320 2843 Scripse-

231 2871 289 2934 rim
320 2869 355 2940 c‘r'c
386 2874 414 2936 τ’
447 2871 510 2951 ἔχει
540 2870 580 2934 τά
604 2875 663 2947 σά,
687 2879 805 2954 utque
827 2871 901 2936 fert
925 2880 1084 2935 tuarum
1110 2872 1319 2950 conditio,

233 2984 264 3047 ni
287 2983 365 3046 forte
389 2984 511 3068 gravius
536 2995 713 3068 peccatum,
739 2994 775 3048 ut
798 2984 933 3068 genuine
957 2985 1048 3050 lectio
1073 2984 1321 3068 εἰ1εστεφάνοισί
1387 2982 1390 2988 ’

231 3098 264 3175 d',
288 3096 330 3168 ίίς
354 3122 396 3162 σοι
420 3097 617 3176 δωνάροεως
640 3097 704 3177 ἔχει
727 3101 769 3162 τά
792 3098 840 3164 σοί.

280 3213 374 3275 1899.
406 3211 508 3274 Huius
541 3210 682 3274 versiculi
704 3212 846 3296 'scriptor
878 3220 1002 3276 tenetur
1024 3214 1057 3277 in
1081 3213 1241 3297 flagranti,
1267 3214 1321 3298 qui

231 3348 294 3389 non
326 3323 533 3388 observaverit
565 3347 609 3388 vs.
642 3324 873 3408 praecedentem
906 3347 995 3390 omne
1025 3327 1177 3390 eiusmodi
1200 3327 1319 3391 addita·
1365 3410 1368 3416 Ι

109 3493 112 3498 .
189 3526 191 3530 Ι
231 3447 369 3502 mentum
382 3459 533 3522 respuere.
550 3436 677 3501 Frustra
688 3445 762 3501 sunt
775 3439 829 3521 qui
841 3439 885 3503 ibi
898 3441 1056 3526 corrigunt
1072 3438 1105 3505 οὖ
1118 3436 1319 3522 111ᾦ’ξε’ίηκ’.

279 3555 373 3616 1490.
397 3552 564 3632 Μωιιράς
588 3559 842 3634 πετρηρεφεῖς.
876 3553 998 3617 Dicitur
1017 3553 1161 3638 Cecropis
1179 3561 1318 3630 antrum,

232 3666 305 3748 quia
327 3666 359 3729 in
384 3664 531 3748 Cecropia
555 3673 637 3742 erat,
661 3665 719 3729 hoc
744 3675 790 3729 est
811 3666 869 3731 sub
885 3667 1029 3752 acropoli.
1053 3667 1320 3748 (319311131-

230 3789 328 3864 ρεφεῖς
352 3788 432 3843 recte
456 3779 612 3843 Brodaeus
638 3780 728 3843 vertit
752 3786 870 3864 petra
893 3788 1156 3847 concamerata.
1180 3781 1317 3844 Breues.

231 3893 315 3978 (lyci.
341 3895 381 3954 89
406 3891 567 3972 ἀντροι·-
590 3900 774 3974 πετρηρεφῆ,
800 3895 910 3958 Aesch.
934 3893 1037 3958 Prom.
1061 3898 1124 3958 300
1141 3895 1319 3975 πετρηρεφὲρ

230 4006 341 4089 ἀντρον.
385 4006 489 4071 Paleio
521 4010 647 4069 auctore
677 4005 760 4070 hunc
788 4029 832 4070 vs.
857 4006 940 4071 delet
963 4007 1115 4088 Diodori,
1139 4030 1238 4091 neque
1256 3992 1319 4092 ¹ego

231 4122 387 4186 dissentio.
1053 4110 1055 4114 ⁸

278 4237 373 4300 1409.
397 4232 545 4298 Similiter
573 4230 681 4315 incipit
708 4231 823 4297 Phoen.
849 4236 944 4298 1660.
969 4271 1013 4283 -
1036 4235 1239 4312 ίεοριωννίς.
1263 4232 1317 4298 Or.

231 4352 295 4413 843
320 4351 456 4428 ίεοριοινεῑ
476 4346 571 4428 λιίσση
592 4344 705 4423 δωροείρ.
742 4345 788 4411 Of.
815 4349 855 4412 79
879 4345 953 4413 ibid.
