3112 4914
248 395 313 460 212
667 414 920 458 conuaaraarus.

247 618 289 672 E:
321 606 419 678 νυκτὸς
454 615 507 681 τῆς
533 605 767 684 μελαμπέπλου.
815 607 944 690 Propter
967 614 1047 670 astra
1069 608 1334 682 ποικιλείμων

248 727 373 783 vocatur
403 719 441 783 ah
473 720 624 803 Aeschylo
656 720 758 784 Prom.
791 722 842 784 24.
877 722 1163 785 Λευκόπεπλον
1189 719 1334 800 ἡμέραν

248 833 325 897 dixit
358 833 524 917 Hipponax
549 855 595 917 ap.
628 833 766 896 Tuetzem
791 855 874 916 exeg.
900 855 927 917 p.
953 836 1010 910 84,
1040 839 1074 909 l;
1101 815 1334 896 0011110ολεο-

246 948 418 1013 κόπωλον
453 947 647 1032 appellarunt
684 947 853 1032 Aeschylus
890 948 973 1012 Pers.
1011 949 1075 1010 386
1111 956 1141 1011 et
1166 946 1332 1032 Sophocles

246 1060 331 1126 Aiac.
357 1063 431 1126 673.

295 1177 378 1239 1150
396 1197 441 1268 sq3
465 1174 677 1254 ἀσείρωτον
700 1212 744 1222 -
768 1173 910 1254 ὄχημα.
936 1173 1067 1266 0111111111
1088 1172 1215 1237 funibus
1232 1195 1332 1236 caren·
1369 1181 1391 1266 ,Α

245 1298 306 1351 tem
329 1328 369 1338 -—
392 1287 485 1364 dixit,
507 1288 625 1371 opinor,
646 1309 767 1351 currum
788 1288 905 1351 lunales
928 1288 1079 1372 [σενραίους
1093 1310 1117 1350 s.
1130 1286 1329 1370 σειροφόρους]

246 1423 340 1485 equos
365 1423 426 1464 non
451 1399 705 1472 1050111010,οο11
730 1408 849 1464 tantum
874 1401 990 1484 iugales
1013 1400 1165 1485 [ζυγίους]
1188 1399 1330 1482 Namque

246 1523 281 1577 ut
312 1513 376 1577 Soli
409 1515 574 1599 quadrigae
604 1516 647 1577 ita
678 1512 770 1577 Nocti
795 1514 883 1598 bigae
907 1503 1088 1598 plerumque
1112 1538 1130 1576 a
1153 1513 1251 1597 poetis
1275 1514 1330 1576 tri-

244 1627 393 1691 buuntur.
429 1627 577 1711 Exempla
604 1650 619 1691 e
646 1626 766 1692 Latinis
796 1629 910 1711 poetis,
935 1629 990 1711 qui
1013 1626 1095 1691 haud
1121 1626 1213 1691 dubie
1238 1626 1329 1689 Grae·

244 1762 350 1804 corum
386 1741 599 1804 auctoritatem
634 1750 707 1804 sunt
739 1741 853 1816 secuti,
886 1739 1011 1823 collegit
1046 1739 1254 1804 Broehhusius
1290 1739 1328 1802 ad

244 1851 358 1919 Tibull.
377 1852 422 1929 ΙΙ,
444 1857 473 1931 1,
497 1854 547 1917 78.
567 1851 713 1916 Sarouon.
731 1851 820 1916 Adde
833 1851 1000 1916 Stanleium
1015 1852 1051 1914 ad
1066 1852 1176 1915 Aesch.
1191 1850 1328 1936 (lhoeph.

245 1968 307 2029 658
341 1983 372 2030 ec
404 1964 614 2029 Heindorfium
647 1966 684 2029 ad
712 1965 787 2030 Hor.
811 1965 872 2029 sat.
901 1965 945 2041 ΙΙ,
972 1968 1001 2042 6,
1029 1968 1099 2028 loo.
1136 1965 1327 2030 Draconihus

243 2080 368 2143 iunctus
391 2078 501 2143 Noctis
526 2101 633 2142 currus
658 2087 704 2142 est
727 2079 809 2163 apud
833 2079 1088 2163 Shakesperium,
1113 2081 1328 2143 Midsummer-

242 2196 445 2276 na'yhtadrcum
472 2192 532 2268 ΙΙΙ,
558 2194 718 2276 8111191110
743 2197 828 2273 swaft
850 2198 990 2277 drocone.
1019 2194 1154 2273 ’Όχνμα
1169 2201 1271 2257 autem
1288 2194 1326 2269 dc
1415 2264 1417 2268 ³

243 2307 347 2390 equis,
371 2328 433 2369 non
455 2304 492 2369 de
512 2326 619 2384 curru,
639 2305 689 2369 hic
709 2306 921 2390 accipiendum
938 2330 1001 2371 esse
1016 2306 1145 2391 putabat
1162 2308 1325 2390 Musgrave

242 2419 306 2502 (cll.
330 2418 448 2483 Phoeu.
471 2422 546 2496 338,
568 2419 657 2484 Rhea.
680 2421 742 2484 617
761 2420 890 2504 aliisque
907 2420 1011 2502 locis),
1029 2420 1212 2505 intellegens
1229 2443 1325 2507 equos

242 2531 330 2596 nullo
357 2532 431 2596 fune
459 2553 629 2607 connexos,
656 2532 709 2596 sed
733 2533 818 2596 freno
842 2539 965 2596 tantum
988 2528 1133 2598 retentos.
1153 2571 1197 2583 -
1220 2535 1325 2599 ἔπαλ·

240 2661 323 2721 λεν,
354 2645 498 2730 graphice
526 2645 704 2709 dictumde
729 2646 1037 2710 vehementiore
1061 2669 1198 2723 cursu,
1223 2648 1324 2710 itaut

241 2768 347 2823 currus
364 2759 499 2842 (equive)
516 2759 574 2822 sal
585 2766 625 2822 tu
646 2759 778 2842 spatium
796 2758 939 2822 devorare
956 2759 1102 2824 videatur.
1127 2759 1324 2824 Intransitive

241 2870 347 2934 eodem
371 2870 462 2934 verbo
487 2879 589 2933 noster
612 2870 711 2935 utitur
734 2872 765 2935 in
789 2871 911 2935 Electra
931 2875 994 2936 477
1016 2875 1045 2936 ἕν
1065 2873 1118 2951 δορὶ
1139 2869 1324 2955 periclitari

240 2985 388 3060 ἔπαλλον,
413 2984 453 3048 ib.
478 2986 541 3046 435
565 2980 598 3047 ἵν’
621 2985 634 3048 ὂ
657 2984 804 3066 φίλαυλος
828 2985 978 3074 ἔπαλλε
1002 2985 1114 3066 δελφίς.

288 3100 383 3161 1151.
408 3095 537 3177 οίσπρα
559 3097 583 3160 δ’
605 3097 776 3177 ὠμοίρτεν
800 3099 875 3178 θεῷ.
898 3097 1042 3162 Tibullus
1066 3098 1085 3163 l.
1106 3098 1143 3162 l.:
1170 3097 1322 3176 Ludite,

207 3300 208 3303 Ἴ
238 3213 306 3276 iam
330 3207 562 3293 Noxiungit
587 3231 698 3293 equos
722 3233 938 3295 currumque
968 3222 1172 3295 sequuntur
1195 3212 1322 3275 Matris

239 3324 396 3387 lascivo
422 3323 560 3389 sidera
583 3324 697 3388 fulva
719 3325 852 3389 choro.
877 3323 1090 3410 Verbo'epico
1110 3328 1248 3406 ὁμαρτεῖν
1268 3347 1321 3408 pro

238 3432 409 3504 οίκολουίεῒν
425 3460 514 3523 saepe
539 3447 654 3516 noster,
679 3440 777 3504 rarius
800 3439 912 3522 reliqui
936 3441 1051 3524 tragico
1076 3441 1124 3503 usi
1148 3449 1229 3505 sunt.
1261 3441 1322 3503 Ad·

240 3550 375 3615 verhium
399 3553 512 3634 ὂμαρπῇ
536 3553 592 3637 (z
616 3554 699 3633 ὁμοῦ)
724 3559 768 3616 est-
791 3553 872 3636 apud
896 3553 996 3616 solum
1019 3553 1209 3636 Euripidem.

277 3654 379 3728 1152.
402 3666 543 3737 Πλενοίς
567 3664 717 3749 singulari
741 3686 885 3742 numero,
910 3675 945 3729 ut
968 3664 1068 3729 Orest.
1095 3668 1179 3730 1005
1201 3674 1232 3728 ct
1251 3665 1320 3749 Iph.

236 3777 273 3841 A.
306 3779 333 3840 8.
367 3776 453 3840 Alibi
485 3787 531 3841 est
561 3776 706 3862 pluralis,
735 3778 820 3862 'apud
853 3778 1037 3863 Aeschylum
1062 3800 1186 3862 quoque
1210 3779 1318 3861 Agam.

236 3892 310 3954 800.
334 3889 500 3973 Sophocles
526 3889 611 3952 sidus
636 3911 698 3953 non
722 3898 879 3957 memorat.
908 3874 954 3954 De
975 3890 1151 3955 Pleiadibus
1171 3891 1208 3955 cf.
1229 3888 1318 3955 ovid.

234 4001 318 4067 Fasl.
342 4000 381 4079 V,
408 4005 459 4078 83,
485 4005 537 4078 87,
565 4002 708 4087 Hyginus
732 4003 791 4068 fab.
816 4008 889 4081 lua,
911 4004 964 4068 alii
982 4004 1141 4070 ἑποαπί
1148 4027 1232 4084 ρους
1249 4005 1318 4089 post

234 4106 337 4198 hyinn.
365 4115 457 4179 Hom.
482 4115 513 4178 in
533 4114 628 4179 Mart.
656 4119 672 4181 7
699 4117 817 4179 vocavit
840 4116 934 4180 Rhesi
956 4125 1064 4182 auctor
1085 4119 1158 4182 530.
1183 4116 1258 4179 Ver
1267 4117 1318 4200 gi·

232 4227 313 4291 lias
347 4228 541 4315 appellarunt
576 4227 714 4292 Romani.
746 4265 791 4276 -
821 4229 1038 4309 μεοοπίρου
1072 4250 1163 4292 sensu
1196 4227 1316 4311 passivo

231 4359 286 4421 pro
309 4339 409 4416 μέσον.
433 4336 535 4402 Verbo
558 4341 766 4421 μεσόπορεΐν
790 4339 888 4403 utitur
913 4339 1089 4405 Menander.
1117 4338 1314 4423 Phrynichus
