3112 4914
242 381 308 446 236
655 403 909 449 oouuusrrerus.

241 595 324 680 gitur
348 595 405 659 nisi
429 597 461 660 in
488 596 619 660 Aoristis
644 598 789 682 passivis,
814 597 1066 682 ubisignifiosnt
1089 599 1246 666 satiari.
1278 601 1328 664 Ad

239 713 312 774 Aoo.
335 735 364 775 τι
387 710 424 775 of.
450 713 511 774 541
542 713 674 791 τερφθεὶς
700 719 794 778 τοῦτο.

288 827 382 889 1378.
404 827 448 899 ὡς
471 826 618 891 τοιύτδν
641 825 755 899 τύθος
779 827 962 901 τέτονθε,
988 828 1089 911 quod
1106 827 1200 891 idem
1220 848 1330 911 pssss

239 945 316 1023 est,
348 939 423 1023 quid
457 939 517 1004 sibi
549 940 638 1016 velit,
670 928 826 1005 desierint
857 940 1024 1024 sequentis.
1067 941 1111 1005 Ut
1139 942 1226 1021 enim<
1245 941 1329 1005 filius

239 1061 351 1130 matre,
377 1054 420 1118 sie
444 1062 539 1118 matre
563 1054 645 1118 filius
669 1054 801 1118 carebat.

285 1170 369 1230 1382
388 1188 432 1251 sq.
469 1166 516 1232 Of.
540 1190 633 1252 supra
658 1169 723 1231 594
744 1189 810 1252 sqq.

287 1287 380 1349 1383.
403 1284 551 1359 σιγῶντ’
577 1287 655 1365 ἐῖιν,
676 1259 845 1374 ‘silentio
868 1307 940 1348 rem
966 1291 1096 1368 tegere
1118 1293 1155 1348 ot
1178 1285 1326 1348 missam

237 1398 378 1474 faeere,
403 1398 507 1480 itaque
532 1404 657 1462 matrem
683 1420 744 1461 non
769 1398 938 1481 exquirere.
1087 1401 1090 1407 ’

284 1513 379 1576 1885.
402 1512 532 1576 κοιίτοι
564 1513 602 1576 rt
631 1510 791 1595 σύσχυ;
825 1513 957 1577 formula
990 1521 1035 1576 est
1070 1512 1218 1578 mutantis
1253 1533 1326 1574 oon-

237 1624 350 1695 silium.
384 1624 465 1689 Med.
501 1627 584 1688 1049
616 1626 750 1689 satiro!
780 1627 820 1689 σι’
849 1625 1011 1707 uriom
1043 1627 1190 1703 βούλομαι
1218 1625 1327 1702 γέλωτ’

236 1739 339 1818 ὀφλεῖν
361 1738 478 1818 ἐχθροὺς
501 1740 623 1815 μεθεῖσοι
646 1739 712 1811 τοὺς
737 1738 823 1812 ἐμοὺς
846 1739 1000 1819 οὶζηροθουο;
1025 1739 1104 1803 Tot-o
1125 1738 1209 1802 coelo
1225 1737 1326 1801 diver-

237 1871 304 1913 sum
327 1849 358 1913 τθ
379 1847 478 1929 τύθοις
502 1849 600 1935 quid
627 1871 682 1913 me
706 1849 809 1913 fiet?

284 1966 379 2027 1388.
411 1963 570 2027 Sententia
600 1963 743 2048 frequens
775 1963 857 2047 apud
883 1963 1058 2028 Homerum.
1083 1963 1130 2026 Ex
1153 1970 1258 2026 nostro
1283 1963 1321 2028 of.

237 2077 357 2141 Heraol.
385 2081 459 2153 616,
480 2077 570 2141 Rhes.
589 2079 662 2142 tet.
679 2077 788 2140 Aeseh.
805 2077 889 2161 Sept.
908 2081 983 2154 281,
1004 2078 1081 2143 Plst.
1098 2077 1192 2161 Gorg.
1212 2099 1239 2161 p.
1258 2081 1328 2143 512.

236 2196 330 2266 extr,
358 2190 410 2254 ubi
434 2191 495 2254 vid.
521 2189 681 2253 Heindorf.
713 2189 763 2253 Ad
789 2189 953 2254 'seeundum
976 2212 1134 2274 personam
1159 2189 1321 2270 ὑπερβοιίηρ

236 2303 272 2367 of.
305 2303 413 2368 Aesoh.
446 2303 528 2388 Sept.
562 2307 635 2368 119.
667 2306 734 2369 θεῶν
765 2303 896 2368 διδόντων
926 2307 976 2369 οὐκ
1006 2303 1042 2368 θον
1066 2302 1207 2385 ἐκφύγοις
1230 2301 1321 2368 κοντοὶ.

235 2415 328 2501 Soph.
352 2416 399 2482 111.
418 2419 480 2479 693
499 2439 568 2481 oum
587 2416 742 2480 Meinekio
759 2417 875 2481 soribe:
893 2416 963 2481 θτοιν
979 2417 1009 2482 δέ
1025 2441 1068 2488 τις
1086 2415 1165 2494 θεῶνή
1175 2414 1321 2495 βλάστη,

234 2529 325 2594 δύνοιι’
349 2531 418 2614 (pro
442 2530 565 2615 δύνοιιτ’)
589 2530 625 2595 θιν
647 2531 704 2594 οὐδ’
727 2531 764 2594 θον
786 2530 897 2617 ἰσχύον
919 2536 1038 2612 φυνεῑν.
1070 2529 1115 2593 Ex
1140 2528 1322 2594 Wakefieldi

235 2644 412 2708 coniectura
435 2644 579 2723 ὑσερβοιθη
603 2668 647 2715 τις
670 2642 707 2708 θον
731 2644 816 2707 dedit
841 2643 980 2708 Dindorf.
1004 2643 1142 2707 Bernesii
1159 2642 1322 2707 correctio·

233 2778 302 2820 nem
324 2767 359 2820 ut
375 2756 525 2820 leniorem
546 2757 688 2841 praetuli.
712 2756 788 2822 Oed.
806 2757 879 2840 Reg.
900 2761 962 2821 120
984 2755 1116 2820 absurde
1133 2754 1278 2835 scribitur
1293 2752 1322 2818 ἐν

233 2870 292 2950 sup
322 2869 409 2935 πόλλ’
434 2870 470 2935 θον
494 2870 644 2950 ἐξεύροι
668 2872 818 2948 μοιθεῖν.
854 2869 979 2934 Conieei
1002 2869 1159 2948 ἐξεύροιν
1182 2869 1319 2947 patos,

234 2982 298 3046 vel:
325 2982 427 3061 ἐξεύροι
451 2983 582 3058 μοιθύν
606 3021 651 3031 -
674 2980 797 3059 λύβοι
817 3006 894 3059 τις,
919 2982 1002 3066 quod
1028 2983 1171 3067 praefero.
1202 3021 1204 3024 <

281 3099 375 3162 1390.
398 3091 472 3161 οἷσι
505 3095 594 3172 τᾶρι’
621 3097 837 3178 ἐφρουρήθη
861 3095 973 3176 φίλοι.
1009 3096 1108 3160 Sileut
1132 3096 1320 3180 interpretes.
1355 3100 1356 3103 ’

193 3230 196 3235 ·
233 3210 340 3276 Versio
372 3211 469 3274 latins
502 3208 609 3274 habet:
641 3212 680 3275 in
704 3209 855 3294 quibus
879 3211 961 3295 ipse
985 3210 1206 3275 custoditus
1230 3233 1318 3274 sum.

231 3325 314 3389 Male
347 3323 453 3409 procul
487 3323 600 3387 dubio:
634 3347 704 3387 nom
737 3347 775 3388 ne
806 3325 896 3401 τᾶρι’
926 3325 1078 3405 ἐφρουρήθη
1110 3323 1232 3407 quidem
1263 3323 1319 3386 hoo

232 3446 334 3522 potest
368 3437 558 3521 signifienm,
598 3437 710 3501 nedum
747 3439 833 3514 τοέροθι
868 3439 957 3519 φίλοι.
999 3436 1145 3521 Expliooz
1170 3435 1323 3520 quibus·

231 3550 447 3615 custodita
470 3557 566 3614 sunt
589 3573 691 3635 quoe
716 3551 815 3614 mihi
840 3574 926 3616 osra
949 3559 1055 3628 suut,
1078 3551 1198 3615 seiirrt
1213 3549 1319 3630 μητρὸς

231 3666 372 3742 σύμβολον
398 3664 489 3729 modo
514 3673 759 3729 commemorata.
791 3665 838 3729 cf.
867 3667 961 3730 1345.
986 3667 1150 3730 Σύνδετοι
1175 3686 1236 3728 non
1255 3664 1320 3726 fas·
1438 3710 1441 3714 ,

231 3779 308 3842 oiss
332 3779 426 3862 (quse
451 3787 532 3842 reete
557 3781 642 3842 1413
668 3778 949 3856 ιοοσιι1ιιιένδυτοι,
968 3781 988 3845 i.
1005 3803 1030 3844 e.
1047 3779 1211 3862 ἐνδύμοιτοι)
1227 3779 1319 3840 inter-

231 3901 333 3977 pretor
368 3915 437 3956 oum
468 3891 590 3955 Kookio
629 3893 766 3957 Verisim.
799 3916 865 3978 pag.
902 3896 1004 3970 1390,
1036 3892 1089 3956 sed
1122 3891 1319 3976 ligamina

230 4005 343 4090 quibus
368 4007 445 4069 cista
468 4006 572 4070 clause
595 4005 689 4070 fuisse
714 4005 843 4070 videtur.
876 4005 921 4069 Of.
949 4005 1033 4070 Gutl
1050 4009 1114 4070 und
1132 4006 1246 4079 Κουιν,
1262 4005 1319 4066 dor

232 4122 328 4189 moen
351 4123 406 4184 der
432 4120 582 4184 Grt'eodrn
607 4122 669 4184 und
684 4120 805 4203 Βόνιιον,
825 4142 891 4203 pag.
910 4122 982 4184 146.
1011 4118 1114 4198 Quare
1130 4139 1230 4202 neque
1247 4138 1318 4179 oum

230 4229 434 4306 Kirohhoffm,
454 4231 507 4314 qui
525 4229 674 4314 virgulam
692 4230 794 4314 posuit
807 4237 876 4313 post
890 4231 1053 4310 ἐφρουρήθη,
1067 4229 1212 4292 mutarim
1224 4229 1317 4290 inter-

230 4343 446 4430 punctionem,
475 4365 575 4428 neque
599 4364 670 4406 oum
693 4342 814 4406 Kookio
839 4365 893 4429 pro
916 4344 996 4425 φίλοι
1018 4343 1207 4428 reposuerim
1231 4341 1317 4418 ριέλη.
