3112 4914
293 379 357 445 172
711 402 964 448 conunrruarus.

338 597 411 660 742.
435 598 476 660 πί
498 602 564 662 ποῦ
588 597 680 662 ποδί
688 621 702 668 ς
726 606 798 660 nota
822 598 989 682 periphrasi
1014 621 1068 682 pro
1092 600 1105 662 ὁ
1128 598 1214 683 ποιίςς
1236 599 1376 665 similiter

291 719 457 792 usurpatur
479 718 623 774 neutrum
647 710 769 774 Plurale
793 710 849 788 ποί,
876 721 910 775 ut
933 712 973 776 πίε
992 721 1045 786 τῆς
1063 713 1160 792 τύχης
1180 711 1217 777 Ο.
1237 712 1272 778 R.
1290 716 1371 791 977,

289 822 330 887 τοὶ
352 830 405 896 πῆς
427 824 538 899 διιιίπῆρ
561 823 595 887 Ο.
621 823 654 889 Ο.
680 827 754 901 351,
779 833 849 890 cett.
866 863 909 874 -
928 826 960 889 πδ
976 833 1026 890 ποῦ
1042 825 1071 889 δὲ
1083 833 1138 890 ιοῖι.
1151 825 1230 890 Vide
1242 826 1280 890 ad
1294 829 1333 891 67
1342 831 1368 890 l.

337 937 409 1001 743.
445 935 655 1022 Compositum
691 961 760 1002 cunr
795 938 929 1020 βοίκπρῳ,
967 938 1091 1002 verbnm
1122 938 1274 1017 ἐρείδεσθαι
1307 961 1367 1002 non

289 1057 391 1134 potest
413 1050 496 1116 aliud
520 1052 689 1136 significare
713 1074 803 1135 quam
823 1053 955 1130 inniti,
976 1074 1075 1135 neque
1093 1053 1187 1136 igitur
1206 1075 1242 1116 ex
1262 1052 1367 1116 eodem

289 1164 380 1228 verbo
407 1187 572 1249 suspensus
600 1189 664 1230 csse
693 1167 892 1230 Accusativus
916 1165 1027 1241 στίβον.
1063 1165 1230 1245 Quocirca,
1256 1166 1368 1230 reiecta

289 1276 539 1361 interpretatione
565 1279 731 1343 Hermanni
755 1278 793 1343 ad
818 1279 856 1344 H.
883 1279 916 1342 F.
946 1282 1008 1341 108
1032 1278 1245 1343 contendentis
1268 1280 1369 1358 ἐρείδου

289 1389 405 1455 dictum
430 1414 494 1455 esse
517 1415 572 1476 pro
588 1394 757 1473 ἐρειδόμενος
773 1393 953 1473 διοιπορεύοο,
972 1393 1095 1477 reposui
1111 1393 1244 1469 στείβων.
1267 1393 1373 1457 Minus

288 1513 389 1569 tamen
431 1509 600 1572 necessario
641 1506 732 1571 simul
771 1509 871 1587 χίοιίς
906 1513 1043 1570 mutetur
1077 1507 1108 1569 in
1143 1506 1246 1586 χίίιιι.
1293 1505 1372 1570 Nam
1404 1495 1405 1498 ¹

187 1709 189 1712 Ι
288 1627 426 1701 περιφερῆ
460 1629 560 1703 potest
594 1643 658 1685 esse
689 1630 832 1688 neutrum
865 1621 1004 1697 Plurale,
1041 1631 1076 1684 nt
1108 1627 1247 1702 περιφερῆ
1270 1619 1372 1701 χίοιίς

288 1733 404 1797 dictum
436 1734 642 1798 existimemus
675 1758 765 1818 quem
798 1735 835 1797 ad
870 1735 995 1798 modum
1026 1735 1108 1815 ιὶβρίι
1137 1734 1289 1814 παρηίδος,
1314 1733 1373 1797 alia

288 1846 370 1931 apud
394 1855 516 1930 poetas,
542 1848 579 1912 de
602 1849 714 1930 quibus
735 1847 876 1911 consulas
899 1847 1102 1910 Matthiaoum
1124 1846 1177 1912 Gr.
1197 1845 1251 1910 Gr.
1269 1848 1371 1930 4442.

288 1954 371 2035 Quid
404 1967 504 2021 autem
535 1957 602 2022 volt
624 1956 690 2044 sibi
709 1959 738 2025 h.
761 1959 780 2022 l.
804 1957 981 2039 περιφερῆςί
1017 1959 1142 2042 Proprie
1166 1957 1225 2021 hoo
1247 1957 1373 2021 adiecti·

288 2092 359 2133 vum
392 2078 559 2154 usurpatur
585 2071 729 2134 de'linea
752 2064 857 2134 flexa
881 2072 919 2134 in
944 2070 1096 2147 orbem,
1120 2077 1260 2146 curv'a,
1286 2093 1372 2133 oon·
1424 2095 1427 2099 ’

287 2202 398 2258 vexa,
427 2204 537 2264 quare,
566 2182 626 2246 nisi
654 2182 768 2267 decipit
791 2205 846 2246 nos
870 2183 985 2247 librarii
1008 2183 1119 2268 aliquis
1145 2204 1243 2261 error,
1269 2183 1371 2246 nescio

286 2316 342 2371 au,
368 2295 514 2360 suadente
538 2305 702 2374 contextu,
727 2298 776 2362 hic
800 2320 834 2361 ea
856 2298 942 2361 notio
968 2298 1113 2362 translata
1137 2299 1177 2361 sit
1197 2297 1235 2360 ad
1255 2298 1371 2361 solum

287 2408 460 2487 acclive,
485 2415 522 2472 ut
544 2409 663 2473 Plinius
687 2409 743 2486 IV,
772 2413 801 2488 8,
827 2412 866 2472 31
893 2409 971 2472 dixit
994 2409 1089 2492 iuga
1112 2407 1267 2472 leniter
1289 2429 1372 2472 oon·

287 2542 399 2598 vexa,
429 2520 558 2586 Ovidius
583 2523 656 2586 Met.
680 2522 768 2602 XIV,
798 2527 834 2585 15
860 2523 919 2586 iter
943 2543 1176 2585 convexum.
1209 2521 1372 2606 Musgravo

287 2630 438 2696 intellexit
461 2633 606 2698 callem
630 2635 759 2719 (στίβοι)
787 2634 1006 2712 flexuosam,
1034 2632 1181 2697 Matthiae
1205 2633 1372 2696 semitam

286 2743 322 2806 in
350 2744 470 2810 orbem
498 2769 535 2810 se
559 2748 872 2832 circumagentem
899 2747 934 2810 in
959 2769 1116 2824 ascensu,
1154 2748 1310 2810 Hermann
1334 2747 1372 2811 cl.

288 2859 357 2923 Hel.
383 2864 447 2923 430
475 2842 591 2945 accepit
616 2863 661 2925 de
685 2860 899 2946 gradibus,
925 2861 992 2944 qui
1016 2869 1130 2924 erant
1154 2860 1264 2951 circa
1286 2868 1372 2924 tem·

287 2973 404 3057 plum,
429 2974 511 3059 quod
529 2975 553 3036 si
571 2975 717 3038 voluisset
734 2984 837 3058 poeta,
856 2975 1026 3058 scripsisset
1043 2975 1153 3057 opinor
1170 2981 1308 3055 περιφερῆ
1325 3011 1368 3021 -
1472 2964 1476 2967 ’

285 3087 419 3168 βιίίροι,
444 3111 506 3152 non
528 3088 666 3167 χίοιίς.
694 3088 771 3152 Vide
795 3088 833 3152 ad
859 3090 921 3151 725
939 3110 983 3172 sq.
1015 3085 1241 3170 Accedit'quod
1259 3086 1371 3170 gradus

286 3199 401 3282 templa
423 3200 580 3283 cingentes
604 3201 761 3284 pauciores
786 3223 850 3264 esse
870 3198 1023 3278 solebant,
1044 3221 1134 3283 quam
1161 3220 1293 3282 quorum
1321 3199 1377 3262 ad·>

287 3334 395 3376 scensu
412 3308 569 3398 tantopere
585 3323 760 3398 gravaretur
777 3313 980 3398 paedagogus.
1003 3312 1137 3376 Tandem
1151 3311 1269 3376 Seidlcr
1281 3313 1371 3375 inter·

286 3433 422 3507 pretatur
457 3425 587 3489 solum
623 3426 727 3509 quod
760 3427 866 3489 circa
899 3433 939 3488 to
971 3435 1048 3500 est,
1081 3424 1259 3508 languidum
1289 3425 1369 3488 haud

287 3535 380 3600 dubio
416 3536 665 3602 additamentum.
714 3536 807 3602 Liber
841 3535 1192 3619 Heirrsio·Scaligcranus
1229 3535 1371 3600 habuisse

286 3649 382 3712 fertur
404 3657 562 3730 ποριιφερῆ
585 3650 686 3727 ποδίς,
712 3651 793 3714 unde
817 3650 959 3734 Hartung
977 3649 1167 3734 periclitatur
1179 3671 1287 3733 parum
1304 3673 1396 3735 pro··

286 3761 417 3827 habilem
440 3746 645 3828 coniecturam
670 3765 827 3845 κιὶφίριι
851 3764 951 3842 στίβοι
975 3763 1092 3845 χίοιίς,
1117 3785 1173 3827 nec
1192 3764 1292 3827 multo
1308 3763 1370 3827 veri

287 3879 460 3942 similiorem
486 3878 639 3962 Badham,
657 3878 851 3943 scribendum
868 3901 931 3942 esse
951 3878 1121 3960 πιιριιφίροιι
1137 3878 1239 3955 στίβοι
1255 3877 1338 3943 ποδί
1344 3902 1368 3949 ς.

286 3991 366 4055 Nam
390 3993 492 4076 ipsum
515 3992 615 4069 στίβοι
639 3992 711 4056 ferri
735 4014 797 4056 non
821 4015 926 4076 posse,
951 3991 1028 4056 milri
1051 4000 1167 4057 certum
1193 4001 1247 4056 est.
1303 4033 1306 4040 ι

332 4109 404 4171 755.
437 4106 501 4170 aa>
535 4112 649 4170 ποῦπο
679 4107 828 4186 ποφλίι
857 4114 926 4171 cett.
963 4105 1081 4169 Etiam
1105 4106 1173 4170 hoo
1197 4105 1370 4188 (baculum)

285 4242 446 4284 caecum
478 4228 683 4305 astatque
716 4221 938 4295 incertum,
976 4219 1137 4303 quando
1170 4219 1267 4282 mihi
1302 4218 1369 4303 (qui

287 4356 355 4398 eum
379 4312 453 4419 figol
478 4335 587 4397 acies
610 4335 822 4398 oculorum
847 4333 993 4398 obtusa
1016 4343 1085 4397 est.
