3112 4914
622 419 877 464 constuprari-rus.
1248 403 1290 466 99

200 614 364 677 deductum
391 614 421 676 in
446 613 580 676 fistulam
602 615 779 690 textoriam,
804 636 880 699 quae
904 615 970 697 ipsa
994 614 1081 678 audit
1096 596 1291 688 πννίον.Ἠε-

199 729 340 812 syclrius:
374 725 519 806 ἄτροικτος
552 729 592 799 εἰς
624 725 653 792 ὃν
679 729 800 792 εἰλεῖτκι
825 731 841 803 d
866 729 959 808 κρόκν.
996 728 1073 793 Inde
1100 730 1290 805 εὐπήνους

200 843 280 925 ὑφεὶς
305 842 384 905 dixit
408 851 513 905 noster
536 843 604 927 Iph.
628 842 664 906 Τ.
690 845 773 921 312,
798 845 880 919 814,
907 845 1002 907 1465.

245 959 430 1021 aot-204.
455 956 641 1020 Secunda
661 957 708 1019 im
720 978 808 1039 ago:
827 955 1034 1040 Bellerophon
1050 957 1166 1042 Pegaso
1184 968 1289 1023 vectus

199 1072 343 1135 interficit
367 1071 568 1136 Chimaeram.

246 1185 318 1245 201.
352 1182 410 1245 Pro
441 1183 490 1246 κιι1
523 1181 584 1256 ndu
608 1182 725 1244 conieci
748 1181 855 1257 κσιλόν,
880 1189 916 1244 ut
939 1203 1043 1245 versus
1067 1190 1187 1247 constet
1209 1183 1288 1246 duo-

200 1297 256 1360 bus
280 1295 433 1373 bacclriis,
459 1295 728 1379 quemadmodum·
743 1318 785 1358 vs.
812 1295 1012 1358 antitheticus
1041 1299 1136 1360 190.-

244 1413 316 1474 202.
341 1416 576 1490 πτεροῦντος
598 1446 641 1458 -—·
661 1406 789 1473 ἵππον.
825 1408 994 1492 Pegasum,
1020 1432 1110 1494 quem
1135 1409 1287 1474 Homerus

197 1525 334 1608 ignorat,
362 1525 477 1608 primus
500 1524 680 1588 memoravit
698 1523 852 1587 Hesiodus
869 1523 984 1608 Theog.
1002 1527 1065 1586 280
1083 1546 1148 1608 sqq.
1173 1523 1286 1588 Secun-

197 1638 271 1702 dum
304 1639 385 1701 huno
416 1646 507 1702 natus
536 1646 581 1700 est
609 1659 703 1722 prope
727 1636 843 1700 Oceani
867 1637 966 1702 fontes
990 1660 1006 1700 e
1030 1639 1178 1722 sanguine
1204 1660 1287 1702 oom-

197 1776 317 1837 pressae
342 1776 359 1815 a
383 1751 531 1838 Neptuno
557 1752 716 1829 Medusae,
735 1773 828 1835 quam
845 1753 974 1816 Perseus
993 1753 1193 1817 interfecerat.
1218 1753 1286 1816 Bel·

196 1867 344 1951 lerophon
369 1866 427 1930 hoc
451 1889 530 1950 equo
556 1867 675 1951 potitur
698 1867 771 1930 dum
797 1865 915 1930 bibite
940 1867 1024 1930 fonte
1049 1866 1176 1943 Pirene,
1202 1867 1284 1930 unde

196 1989 360 2062 Reparatur
376 1986 471 2052 πῶλος
492 1991 598 2045 nostro
616 1982 703 2046 audit
718 1981 815 2046 Elect.
832 1984 907 2046 475.
924 1979 1173 2046 Ot.Pindar.01.
1192 1981 1285 2060 XIII,

197 2097 237 2157 90
256 2116 319 2178 sqq.
345 2094 547 2177 Posteaquam
573 2102 674 2157 autem
698 2094 881 2158 insidentem
906 2093 1177 2178 Bellerophontem
1198 2103 1285 2178 tergo

196 2219 388 2286 excusserat,
413 2211 584 2273 ministrare
608 2210 708 2294 coepit
728 2209 813 2285 lovi,
833 2210 921 2275 cuius
937 2209 1067 2273 fulmina
1084 2217 1206 2294 portare
1224 2233 1286 2274 ore·

195 2322 327 2386 debatur
349 2346 383 2386 ac
408 2323 544 2386 tonitrua
568 2324 658 2405 (Hes.
684 2323 703 2385 l.
720 2322 740 2385 l.
758 2330 789 2386 et
807 2322 900 2386 Arist.
918 2322 987 2386 Pac.
1006 2325 1068 2386 722
1085 2344 1156 2386 cum
1173 2322 1282 2407 schol.)

194 2439 381 2515 Πτερόεις
406 2446 534 2500 vocatur
558 2460 575 2500 a
599 2435 731 2501 Pindaro
756 2457 879 2520 quoque
903 2434 951 2500 Ol.
969 2435 1062 2512 XIII,
1083 2439 1142 2499 121
1162 2444 1191 2499 et
1210 2441 1282 2500 125.

195 2549 257 2633 (Of.
291 2551 397 2614 Horat.
423 2549 483 2614 Od.
514 2549 571 2627 IV,
605 2553 657 2626 11,
692 2553 744 2626 26,
778 2549 890 2613 catull.
925 2552 977 2626 55,
1012 2553 1064 2627 24,
1084 2549 1182 2636 hvid.
1207 2551 1282 2614 Met.

195 2662 233 2739 tt,
262 2665 350 2749 256).
384 2664 487 2728 Seri-us
511 2664 610 2728 lactus
635 2674 680 2727 est
703 2686 800 2748 equus
824 2664 962 2727 Aurorae
985 2670 1016 2727 et
1040 2664 1197 2728 Musarum
1215 2687 1283 2729 auc·

193 2785 302 2861 torque
336 2778 567 2862 Hippocrenae,
600 2786 759 2862 poetarum
785 2785 889 2841 autem
913 2799 1010 2860 equus
1039 2778 1207 2842 recentiore
1231 2779 1283 2842 de-

193 2916 277 2957 mum
301 2916 374 2958 aevo
396 2918 413 2958 a
432 2893 581 2971 Boiardo,
603 2902 693 2977 poeta
708 2892 797 2959 Italo.
822 2893 868 2956 De
885 2893 1121 2977 Bellerophonte
1138 2893 1174 2958 ol.
1192 2893 1282 2957 Hom.

192 3007 228 3073 Il.
255 3008 311 3086 VI,
338 3013 400 3072 152
418 3031 483 3093 sqq.
506 3019 536 3071 et
561 3007 743 3094 Apollodori
768 3007 914 3073 Biblioth.
939 3007 964 3085 I,
990 3010 1020 3085 9,
1042 3012 1080 3084 35
1106 3006 1148 3082 II,
1174 3011 1204 3084 3,
1233 3011 1259 3071 1.

238 3125 311 3186 204.
333 3148 353 3186 τ
360 3123 580 3201 ρισώροκτον
597 3122 725 3186 ιἰλκσὶν
740 3122 883 3199 „dictum
896 3131 932 3186 ut
944 3122 1137 3202 carpentaria
1150 3119 1281 3203 ὕβρισμαι

192 3234 230 3298 de
253 3233 416 3299 Centauris
443 3234 482 3298 H.
499 3235 532 3299 F.
555 3235 636 3299 180”
653 3254 767 3298 uuson.
793 3235 842 3299 Ad
860 3234 1051 3300 Chimaeram
1068 3236 1151 3320 quod
1169 3237 1280 3300 attinet

191 3373 280 3416 nemo
304 3350 396 3436 paulo
417 3350 536 3414 doctior
550 3350 672 3433 ignorat
689 3372 809 3413 versum
825 3350 1041 3415 Homericum:
1068 3350 1171 3432 πρόσθε
1189 3351 1277 3433 λείιν,

189 3465 282 3530 ὄπιθεν
305 3465 335 3528 δε
358 3465 484 3544 δράκων.
507 3462 601 3540 μέσον
626 3463 654 3526 δὲ
677 3463 817 3544 χίμοιιρκ.

236 3582 421 3642 eon-ma.
466 3575 557 3639 Varia
592 3576 672 3640 facta
707 3599 723 3640 e
758 3577 1012 3661 Gigantomachia
1044 3576 1276 3655 describuntur;

191 3694 364 3758 205-207
391 3696 529 3775 spectant
554 3713 688 3774 pugnam
712 3692 743 3755 in
768 3713 872 3776 genus.

235 3811 309 3871 205.
334 3804 539 3885 βλὲφοιρον
565 3805 645 3887 (hic,
672 3814 706 3868 ut
731 3806 867 3890 saepius,
887 3838 922 3858 =
944 3808 1041 3890 ὂριριοι)
1063 3805 1196 3882 διώκοι,
1214 3807 1233 3870 i.
1250 3828 1273 3869 e.

188 3922 385 3987 celeriter
407 3940 560 3996 moveo,
585 3928 621 3982 nt
644 3918 750 3985 crebro
774 3921 887 3985 dicitur
910 3921 1015 3986 διώκειν
1039 3922 1123 3986 udde.

234 4036 308 4097 206.
333 4031 491 4096 τύποισι
515 4053 571 4114 pro
593 4031 707 4111 τείχεσι
727 4033 844 4097 incerta
862 4042 908 4097 est
928 4036 1070 4119 anonymi
1083 4035 1272 4110 coniectura,

187 4171 276 4232 quam
311 4147 411 4230 recepi
442 4168 510 4209 cum
537 4145 706 4211 Dindorfio.
730 4147 899 4231 Musgravii
926 4156 1091 4229 πτνχσιῖσι,
1116 4149 1198 4233 quod
1222 4147 1272 4210 ad-

187 4262 269 4324 misit
290 4258 447 4334 Badham,
468 4256 544 4321 bene
563 4257 707 4322 refutavit
732 4258 904 4334 Hermann,
923 4283 978 4324 nec
995 4269 1094 4324 tamen
1112 4260 1185 4323 satis
1202 4265 1271 4322 tuto

185 4375 279 4458 recipi
314 4380 417 4456 potest
452 4371 611 4455 ingeniosa
646 4372 743 4456 ipsius
774 4374 921 4437 correctio
953 4376 1132 4449 τύκοιισι,
1156 4373 1271 4456 quippe

1140 4487 1170 4538 7*
