<?xml version="1.0" encoding="UTF-8"?>
<!DOCTYPE html PUBLIC "-//W3C//DTD XHTML 1.0 Transitional//EN"
    "http://www.w3.org/TR/xhtml1/DTD/xhtml1-transitional.dtd">
<html xmlns="http://www.w3.org/1999/xhtml" xml:lang="en" lang="en">
 <head>
  <title>
</title>
<meta http-equiv="Content-Type" content="text/html;charset=utf-8" />
  <meta name='ocr-system' content='tesseract 3.04.00' />
  <meta name='ocr-capabilities' content='ocr_page ocr_carea ocr_par ocr_line ocrx_word'/>
</head>
<body>
  <div class='ocr_page' id='page_1' title='image "./in00herwgoog_0212.png"; bbox 0 0 3112 4914; ppageno 0'>
   <div class='ocr_carea' id='block_1_1' title="bbox 601 391 1266 454">
    <p class='ocr_par' dir='ltr' id='par_1_1' title="bbox 601 391 1266 454">
     <span class='ocr_line' id='line_1_1' title="bbox 601 391 1266 454; baseline -0.003 0"><span class='ocrx_word' id='word_1_1' title='bbox 601 410 855 454; x_wconf 73' lang='lat' dir='ltr'><strong>condendamue.</strong></span> <span class='ocrx_word' id='word_1_2' title='bbox 1209 391 1266 452; x_wconf 84' lang='lat'><strong>191</strong></span> 
     </span>
    </p>
   </div>
   <div class='ocr_carea' id='block_1_2' title="bbox 186 602 1276 1484">
    <p class='ocr_par' dir='ltr' id='par_1_2' title="bbox 186 602 1273 806">
     <span class='ocr_line' id='line_1_2' title="bbox 186 602 1273 687; baseline -0.009 -13"><span class='ocrx_word' id='word_1_3' title='bbox 186 611 288 674; x_wconf 89' lang='lat' dir='ltr'><strong>Possis</strong></span> <span class='ocrx_word' id='word_1_4' title='bbox 314 632 341 674; x_wconf 84' lang='lat' dir='ltr'><strong>v.</strong></span> <span class='ocrx_word' id='word_1_5' title='bbox 366 632 391 674; x_wconf 91' lang='lat' dir='ltr'><strong>o.</strong></span> <span class='ocrx_word' id='word_1_6' title='bbox 416 606 563 687; x_wconf 69' lang='grc' dir='ltr'><strong><em>σίξθρεφσρ</em></strong></span> <span class='ocrx_word' id='word_1_7' title='bbox 587 608 694 684; x_wconf 80' lang='grc' dir='ltr'><strong><em>εἰπεῖν,</em></strong></span> <span class='ocrx_word' id='word_1_8' title='bbox 719 604 746 669; x_wconf 85' lang='grc' dir='ltr'><strong><em>εί</em></strong></span> <span class='ocrx_word' id='word_1_9' title='bbox 766 630 795 670; x_wconf 90' lang='grc' dir='ltr'><strong>τι</strong></span> <span class='ocrx_word' id='word_1_10' title='bbox 817 604 968 669; x_wconf 85' lang='grc' dir='ltr'><strong><em>λανθνίνειν</em></strong></span> <span class='ocrx_word' id='word_1_11' title='bbox 992 604 1093 674; x_wconf 81' lang='grc' dir='ltr'><strong><em>θέλεις.</em></strong></span> <span class='ocrx_word' id='word_1_12' title='bbox 1131 602 1194 666; x_wconf 81' lang='lat' dir='ltr'><strong>Alii</strong></span> <span class='ocrx_word' id='word_1_13' title='bbox 1214 603 1273 665; x_wconf 87' lang='lat' dir='ltr'><strong>for·</strong></span> 
     </span>
     <span class='ocr_line' id='line_1_3' title="bbox 187 720 906 806; baseline -0.004 -19"><span class='ocrx_word' id='word_1_14' title='bbox 187 733 266 788; x_wconf 85' lang='lat' dir='ltr'><strong>tasse</strong></span> <span class='ocrx_word' id='word_1_15' title='bbox 290 725 449 806; x_wconf 84' lang='lat' dir='ltr'><strong>continget</strong></span> <span class='ocrx_word' id='word_1_16' title='bbox 472 721 626 785; x_wconf 83' lang='lat' dir='ltr'><strong>absolvere</strong></span> <span class='ocrx_word' id='word_1_17' title='bbox 651 720 733 804; x_wconf 93' lang='lat' dir='ltr'><strong>quod</strong></span> <span class='ocrx_word' id='word_1_18' title='bbox 757 720 906 784; x_wconf 83' lang='lat' dir='ltr'><strong>incohavi.</strong></span> 
     </span>
    </p>

    <p class='ocr_par' dir='ltr' id='par_1_3' title="bbox 187 831 1272 1149">
     <span class='ocr_line' id='line_1_4' title="bbox 232 831 1272 913; baseline -0.008 -12"><span class='ocrx_word' id='word_1_19' title='bbox 232 841 308 901; x_wconf 91' lang='grc'><strong>959.</strong></span> <span class='ocrx_word' id='word_1_20' title='bbox 333 837 542 913; x_wconf 80' lang='grc' dir='ltr'><strong><em>ἐκβαλοῦσ’</em></strong></span> <span class='ocrx_word' id='word_1_21' title='bbox 567 836 645 908; x_wconf 76' lang='grc' dir='ltr'><strong><em>ἔπερ.</em></strong></span> <span class='ocrx_word' id='word_1_22' title='bbox 670 833 715 897; x_wconf 83' lang='grc'><strong>01.</strong></span> <span class='ocrx_word' id='word_1_23' title='bbox 738 833 848 897; x_wconf 83' lang='lat' dir='ltr'><strong>Troad.</strong></span> <span class='ocrx_word' id='word_1_24' title='bbox 871 835 967 911; x_wconf 90' lang='grc'>1186,</span> <span class='ocrx_word' id='word_1_25' title='bbox 988 832 1097 896; x_wconf 82' lang='lat' dir='ltr'><strong>Aeseh.</strong></span> <span class='ocrx_word' id='word_1_26' title='bbox 1120 831 1196 896; x_wconf 89' lang='lat' dir='ltr'><strong>Cho.</strong></span> <span class='ocrx_word' id='word_1_27' title='bbox 1219 834 1272 906; x_wconf 91' lang='grc'><strong>42,</strong></span> 
     </span>
     <span class='ocr_line' id='line_1_5' title="bbox 187 944 1272 1034; baseline -0.008 -20"><span class='ocrx_word' id='word_1_28' title='bbox 187 952 276 1016; x_wconf 81' lang='lat' dir='ltr'><strong>uum.</strong></span> <span class='ocrx_word' id='word_1_29' title='bbox 310 955 388 1028; x_wconf 86' lang='grc'><strong>774,</strong></span> <span class='ocrx_word' id='word_1_30' title='bbox 422 950 515 1034; x_wconf 86' lang='lat' dir='ltr'><strong>Soph.</strong></span> <span class='ocrx_word' id='word_1_31' title='bbox 547 949 596 1014; x_wconf 78' lang='lat' dir='ltr'><strong>ul.</strong></span> <span class='ocrx_word' id='word_1_32' title='bbox 627 952 701 1024; x_wconf 85' lang='grc'><strong>569,</strong></span> <span class='ocrx_word' id='word_1_33' title='bbox 727 947 843 1011; x_wconf 88' lang='lat' dir='ltr'><strong>Herod.</strong></span> <span class='ocrx_word' id='word_1_34' title='bbox 867 945 930 1031; x_wconf 77' lang='lat' dir='ltr'><strong>VI,</strong></span> <span class='ocrx_word' id='word_1_35' title='bbox 955 950 1007 1011; x_wconf 83' lang='lat'><strong>69.</strong></span> <span class='ocrx_word' id='word_1_36' title='bbox 1031 945 1109 1011; x_wconf 84' lang='lat' dir='ltr'><strong>Plat.</strong></span> <span class='ocrx_word' id='word_1_37' title='bbox 1134 945 1208 1029; x_wconf 85' lang='lat' dir='ltr'><strong>Rep.</strong></span> <span class='ocrx_word' id='word_1_38' title='bbox 1235 944 1272 1021; x_wconf 87' lang='lat' dir='ltr'><strong>V,</strong></span> 
     </span>
     <span class='ocr_line' id='line_1_6' title="bbox 187 1061 798 1149; baseline -0.007 -22"><span class='ocrx_word' id='word_1_39' title='bbox 187 1088 215 1149; x_wconf 90' lang='lat' dir='ltr'><strong>p.</strong></span> <span class='ocrx_word' id='word_1_40' title='bbox 244 1065 369 1141; x_wconf 76' lang='grc'>47011,</span> <span class='ocrx_word' id='word_1_41' title='bbox 394 1063 486 1127; x_wconf 92' lang='lat' dir='ltr'><strong>Hom.</strong></span> <span class='ocrx_word' id='word_1_42' title='bbox 523 1061 559 1126; x_wconf 86' lang='lat' dir='ltr'><strong>Il.</strong></span> <span class='ocrx_word' id='word_1_43' title='bbox 584 1072 610 1126; x_wconf 91' lang='grc' dir='ltr'><strong>Σ</strong></span> <span class='ocrx_word' id='word_1_44' title='bbox 635 1065 700 1124; x_wconf 86' lang='grc'><strong>324</strong></span> <span class='ocrx_word' id='word_1_45' title='bbox 727 1069 798 1124; x_wconf 88' lang='lat' dir='ltr'><strong>oett.</strong></span> 
     </span>
    </p>

    <p class='ocr_par' dir='ltr' id='par_1_4' title="bbox 186 1173 1276 1484">
     <span class='ocr_line' id='line_1_7' title="bbox 232 1173 1275 1258; baseline -0.002 -20"><span class='ocrx_word' id='word_1_46' title='bbox 232 1178 293 1238; x_wconf 97' lang='grc'><strong>961</strong></span> <span class='ocrx_word' id='word_1_47' title='bbox 313 1197 378 1258; x_wconf 86' lang='lat' dir='ltr'><strong>sqq.</strong></span> <span class='ocrx_word' id='word_1_48' title='bbox 413 1174 657 1238; x_wconf 90' lang='lat' dir='ltr'><strong>Condonandum</strong></span> <span class='ocrx_word' id='word_1_49' title='bbox 683 1174 740 1236; x_wconf 89' lang='lat' dir='ltr'><strong>hoo</strong></span> <span class='ocrx_word' id='word_1_50' title='bbox 764 1179 900 1236; x_wconf 90' lang='lat' dir='ltr'><strong>materno</strong></span> <span class='ocrx_word' id='word_1_51' title='bbox 927 1173 1022 1235; x_wconf 87' lang='lat' dir='ltr'><strong>amori</strong></span> <span class='ocrx_word' id='word_1_52' title='bbox 1045 1181 1125 1248; x_wconf 85' lang='lat' dir='ltr'><strong>erat,</strong></span> <span class='ocrx_word' id='word_1_53' title='bbox 1152 1173 1178 1236; x_wconf 92' lang='lat' dir='ltr'><strong>si</strong></span> <span class='ocrx_word' id='word_1_54' title='bbox 1198 1195 1275 1257; x_wconf 91' lang='lat' dir='ltr'><strong>puer</strong></span> 
     </span>
     <span class='ocr_line' id='line_1_8' title="bbox 186 1287 1275 1370; baseline -0.003 -18"><span class='ocrx_word' id='word_1_55' title='bbox 186 1289 277 1352; x_wconf 91' lang='lat' dir='ltr'><strong>modo</strong></span> <span class='ocrx_word' id='word_1_56' title='bbox 309 1289 340 1353; x_wconf 93' lang='lat' dir='ltr'><strong>in</strong></span> <span class='ocrx_word' id='word_1_57' title='bbox 374 1289 472 1354; x_wconf 81' lang='lat' dir='ltr'><strong>lucem</strong></span> <span class='ocrx_word' id='word_1_58' title='bbox 506 1288 606 1351; x_wconf 88' lang='lat' dir='ltr'><strong>editus</strong></span> <span class='ocrx_word' id='word_1_59' title='bbox 640 1295 670 1350; x_wconf 89' lang='lat' dir='ltr'><strong>et</strong></span> <span class='ocrx_word' id='word_1_60' title='bbox 694 1287 848 1370; x_wconf 82' lang='lat' dir='ltr'><strong>palpitans</strong></span> <span class='ocrx_word' id='word_1_61' title='bbox 872 1309 980 1349; x_wconf 88' lang='lat' dir='ltr'><strong>manus</strong></span> <span class='ocrx_word' id='word_1_62' title='bbox 1005 1287 1159 1370; x_wconf 81' lang='lat' dir='ltr'><strong>porrigere</strong></span> <span class='ocrx_word' id='word_1_63' title='bbox 1183 1287 1275 1349; x_wconf 84' lang='lat' dir='ltr'><strong>matri</strong></span> 
     </span>
     <span class='ocr_line' id='line_1_9' title="bbox 188 1399 1276 1484; baseline -0.003 -19"><span class='ocrx_word' id='word_1_64' title='bbox 188 1402 349 1466; x_wconf 86' lang='lat' dir='ltr'><strong>videretur.</strong></span> <span class='ocrx_word' id='word_1_65' title='bbox 374 1401 433 1464; x_wconf 87' lang='lat' dir='ltr'><strong>Sed</strong></span> <span class='ocrx_word' id='word_1_66' title='bbox 457 1400 540 1484; x_wconf 93' lang='lat' dir='ltr'><strong>quod</strong></span> <span class='ocrx_word' id='word_1_67' title='bbox 564 1423 656 1463; x_wconf 82' lang='lat' dir='ltr'><strong>senex</strong></span> <span class='ocrx_word' id='word_1_68' title='bbox 679 1399 843 1484; x_wconf 78' lang='lat' dir='ltr'><strong>respondet</strong></span> <span class='ocrx_word' id='word_1_69' title='bbox 865 1407 973 1482; x_wconf 88' lang='lat' dir='ltr'><strong>terque</strong></span> <span class='ocrx_word' id='word_1_70' title='bbox 996 1407 1164 1484; x_wconf 78' lang='lat' dir='ltr'><strong>quaterque</strong></span> <span class='ocrx_word' id='word_1_71' title='bbox 1191 1400 1276 1484; x_wconf 88' lang='lat' dir='ltr'><strong>inep-</strong></span> 
     </span>
    </p>
   </div>
   <div class='ocr_carea' id='block_1_3' title="bbox 188 1513 1274 1600">
    <p class='ocr_par' dir='ltr' id='par_1_5' title="bbox 188 1513 1274 1600">
     <span class='ocr_line' id='line_1_10' title="bbox 188 1513 1274 1600; baseline -0.002 -22"><span class='ocrx_word' id='word_1_72' title='bbox 188 1524 254 1578; x_wconf 86' lang='lat' dir='ltr'><strong>tum</strong></span> <span class='ocrx_word' id='word_1_73' title='bbox 279 1523 341 1578; x_wconf 89' lang='lat' dir='ltr'><strong>est:</strong></span> <span class='ocrx_word' id='word_1_74' title='bbox 369 1517 465 1599; x_wconf 91' lang='lat' dir='ltr'><strong>primo</strong></span> <span class='ocrx_word' id='word_1_75' title='bbox 489 1515 571 1600; x_wconf 91' lang='lat' dir='ltr'><strong>quod</strong></span> <span class='ocrx_word' id='word_1_76' title='bbox 596 1514 670 1577; x_wconf 87' lang='lat' dir='ltr'><strong>haee</strong></span> <span class='ocrx_word' id='word_1_77' title='bbox 690 1513 815 1576; x_wconf 90' lang='lat' dir='ltr'><strong>omniuo</strong></span> <span class='ocrx_word' id='word_1_78' title='bbox 837 1534 898 1576; x_wconf 93' lang='lat' dir='ltr'><strong>non</strong></span> <span class='ocrx_word' id='word_1_79' title='bbox 920 1513 1071 1598; x_wconf 88' lang='lat' dir='ltr'><strong>quadrant</strong></span> <span class='ocrx_word' id='word_1_80' title='bbox 1092 1513 1122 1577; x_wconf 90' lang='lat' dir='ltr'><strong>in</strong></span> <span class='ocrx_word' id='word_1_81' title='bbox 1145 1536 1274 1597; x_wconf 90' lang='lat' dir='ltr'><strong>puerum</strong></span> 
     </span>
    </p>
   </div>
   <div class='ocr_carea' id='block_1_4' title="bbox 143 1626 1349 4433">
    <p class='ocr_par' dir='ltr' id='par_1_6' title="bbox 143 1626 1277 2625">
     <span class='ocr_line' id='line_1_11' title="bbox 188 1626 1275 1711; baseline -0.002 -19"><span class='ocrx_word' id='word_1_82' title='bbox 188 1628 280 1692; x_wconf 91' lang='lat' dir='ltr'><strong>modo</strong></span> <span class='ocrx_word' id='word_1_83' title='bbox 305 1638 428 1704; x_wconf 86' lang='lat' dir='ltr'><strong>uatum,</strong></span> <span class='ocrx_word' id='word_1_84' title='bbox 453 1628 589 1692; x_wconf 88' lang='lat' dir='ltr'><strong>seeundo</strong></span> <span class='ocrx_word' id='word_1_85' title='bbox 616 1637 739 1711; x_wconf 88' lang='lat' dir='ltr'><strong>propter</strong></span> <span class='ocrx_word' id='word_1_86' title='bbox 763 1626 1008 1703; x_wconf 85' lang='lat' dir='ltr'><strong>distinctionem,</strong></span> <span class='ocrx_word' id='word_1_87' title='bbox 1034 1649 1110 1710; x_wconf 90' lang='lat' dir='ltr'><strong>quae</strong></span> <span class='ocrx_word' id='word_1_88' title='bbox 1134 1627 1212 1691; x_wconf 90' lang='lat' dir='ltr'><strong>nihil</strong></span> <span class='ocrx_word' id='word_1_89' title='bbox 1237 1628 1275 1690; x_wconf 89' lang='lat' dir='ltr'><strong>ad</strong></span> 
     </span>
     <span class='ocr_line' id='line_1_12' title="bbox 188 1741 1274 1828; baseline 0 -22"><span class='ocrx_word' id='word_1_90' title='bbox 188 1764 252 1806; x_wconf 92' lang='lat' dir='ltr'><strong>rem</strong></span> <span class='ocrx_word' id='word_1_91' title='bbox 275 1742 365 1817; x_wconf 83' lang='lat' dir='ltr'><strong>facit,</strong></span> <span class='ocrx_word' id='word_1_92' title='bbox 391 1742 481 1804; x_wconf 85' lang='lat' dir='ltr'><strong>tertio</strong></span> <span class='ocrx_word' id='word_1_93' title='bbox 506 1741 590 1825; x_wconf 90' lang='lat' dir='ltr'><strong>quod</strong></span> <span class='ocrx_word' id='word_1_94' title='bbox 615 1749 680 1804; x_wconf 87' lang='lat' dir='ltr'><strong>tota</strong></span> <span class='ocrx_word' id='word_1_95' title='bbox 699 1742 838 1824; x_wconf 87' lang='lat' dir='ltr'><strong>quaestio</strong></span> <span class='ocrx_word' id='word_1_96' title='bbox 854 1742 973 1804; x_wconf 89' lang='lat' dir='ltr'><strong>inutilis</strong></span> <span class='ocrx_word' id='word_1_97' title='bbox 992 1751 1052 1820; x_wconf 87' lang='lat' dir='ltr'><strong>est,</strong></span> <span class='ocrx_word' id='word_1_98' title='bbox 1070 1751 1179 1826; x_wconf 90' lang='lat' dir='ltr'><strong>quarto</strong></span> <span class='ocrx_word' id='word_1_99' title='bbox 1192 1745 1274 1828; x_wconf 92' lang='lat' dir='ltr'><strong>quod</strong></span> 
     </span>
     <span class='ocr_line' id='line_1_13' title="bbox 192 1855 1274 1943; baseline 0 -21"><span class='ocrx_word' id='word_1_100' title='bbox 192 1869 294 1943; x_wconf 88' lang='lat' dir='ltr'><strong>aperte</strong></span> <span class='ocrx_word' id='word_1_101' title='bbox 327 1879 388 1920; x_wconf 90' lang='lat' dir='ltr'><strong>non</strong></span> <span class='ocrx_word' id='word_1_102' title='bbox 421 1857 480 1919; x_wconf 88' lang='lat' dir='ltr'><strong>alia</strong></span> <span class='ocrx_word' id='word_1_103' title='bbox 511 1856 548 1919; x_wconf 90' lang='lat' dir='ltr'><strong>de</strong></span> <span class='ocrx_word' id='word_1_104' title='bbox 579 1878 670 1919; x_wconf 84' lang='lat' dir='ltr'><strong>eausa</strong></span> <span class='ocrx_word' id='word_1_105' title='bbox 699 1855 756 1918; x_wconf 92' lang='lat' dir='ltr'><strong>hoe</strong></span> <span class='ocrx_word' id='word_1_106' title='bbox 780 1878 922 1941; x_wconf 86' lang='lat' dir='ltr'><strong>quaerere</strong></span> <span class='ocrx_word' id='word_1_107' title='bbox 945 1879 1047 1920; x_wconf 88' lang='lat' dir='ltr'><strong>senem</strong></span> <span class='ocrx_word' id='word_1_108' title='bbox 1072 1866 1163 1942; x_wconf 87' lang='lat' dir='ltr'><strong>poeta</strong></span> <span class='ocrx_word' id='word_1_109' title='bbox 1185 1859 1274 1936; x_wconf 87' lang='lat' dir='ltr'><strong>feeit,</strong></span> 
     </span>
     <span class='ocr_line' id='line_1_14' title="bbox 190 1967 1275 2056; baseline 0.001 -21"><span class='ocrx_word' id='word_1_110' title='bbox 190 1995 277 2056; x_wconf 89' lang='lat' dir='ltr'><strong>quam</strong></span> <span class='ocrx_word' id='word_1_111' title='bbox 312 1978 347 2033; x_wconf 88' lang='lat' dir='ltr'><strong>ut</strong></span> <span class='ocrx_word' id='word_1_112' title='bbox 378 1969 560 2054; x_wconf 89' lang='lat' dir='ltr'><strong>respondere</strong></span> <span class='ocrx_word' id='word_1_113' title='bbox 592 1977 694 2053; x_wconf 87' lang='lat' dir='ltr'><strong>posset</strong></span> <span class='ocrx_word' id='word_1_114' title='bbox 725 1967 856 2046; x_wconf 79' lang='lat' dir='ltr'><strong>Creusa,</strong></span> <span class='ocrx_word' id='word_1_115' title='bbox 891 1969 973 2054; x_wconf 92' lang='lat' dir='ltr'><strong>qnod</strong></span> <span class='ocrx_word' id='word_1_116' title='bbox 1004 1993 1068 2034; x_wconf 89' lang='lat' dir='ltr'><strong>eam</strong></span> <span class='ocrx_word' id='word_1_117' title='bbox 1093 1973 1275 2056; x_wconf 89' lang='lat' dir='ltr'><strong>respondere</strong></span> 
     </span>
     <span class='ocr_line' id='line_1_15' title="bbox 189 2082 1274 2170; baseline 0.004 -23"><span class='ocrx_word' id='word_1_118' title='bbox 189 2085 247 2168; x_wconf 92' lang='lat' dir='ltr'><strong>ipsi</strong></span> <span class='ocrx_word' id='word_1_119' title='bbox 272 2084 395 2169; x_wconf 86' lang='lat' dir='ltr'><strong>placuit.</strong></span> <span class='ocrx_word' id='word_1_120' title='bbox 435 2083 603 2148; x_wconf 73' lang='lat' dir='ltr'><strong>Huaunrrn.</strong></span> <span class='ocrx_word' id='word_1_121' title='bbox 628 2082 722 2162; x_wconf 77' lang='lat' dir='ltr'><strong>Quod</strong></span> <span class='ocrx_word' id='word_1_122' title='bbox 746 2083 855 2147; x_wconf 92' lang='lat' dir='ltr'><strong>ultimo</strong></span> <span class='ocrx_word' id='word_1_123' title='bbox 879 2084 946 2147; x_wconf 88' lang='lat' dir='ltr'><strong>loeo</strong></span> <span class='ocrx_word' id='word_1_124' title='bbox 970 2084 1068 2161; x_wconf 84' lang='lat' dir='ltr'><strong>dixit,</strong></span> <span class='ocrx_word' id='word_1_125' title='bbox 1094 2087 1197 2170; x_wconf 85' lang='lat' dir='ltr'><strong>negari</strong></span> <span class='ocrx_word' id='word_1_126' title='bbox 1214 2109 1274 2151; x_wconf 88' lang='lat' dir='ltr'><strong>non</strong></span> 
     </span>
     <span class='ocr_line' id='line_1_16' title="bbox 190 2197 1273 2286; baseline 0.004 -25"><span class='ocrx_word' id='word_1_127' title='bbox 190 2207 292 2284; x_wconf 90' lang='lat' dir='ltr'><strong>potest</strong></span> <span class='ocrx_word' id='word_1_128' title='bbox 315 2198 347 2261; x_wconf 93' lang='lat' dir='ltr'><strong>id</strong></span> <span class='ocrx_word' id='word_1_129' title='bbox 372 2197 526 2261; x_wconf 89' lang='lat' dir='ltr'><strong>interdum</strong></span> <span class='ocrx_word' id='word_1_130' title='bbox 554 2221 610 2261; x_wconf 86' lang='lat' dir='ltr'><strong>usn</strong></span> <span class='ocrx_word' id='word_1_131' title='bbox 634 2199 735 2261; x_wconf 90' lang='lat' dir='ltr'><strong>venire</strong></span> <span class='ocrx_word' id='word_1_132' title='bbox 758 2198 839 2282; x_wconf 93' lang='lat' dir='ltr'><strong>apud</strong></span> <span class='ocrx_word' id='word_1_133' title='bbox 863 2200 992 2284; x_wconf 80' lang='lat' dir='ltr'><strong>tragicos</strong></span> <span class='ocrx_word' id='word_1_134' title='bbox 1020 2201 1168 2284; x_wconf 86' lang='lat' dir='ltr'><strong>imprimis</strong></span> <span class='ocrx_word' id='word_1_135' title='bbox 1193 2203 1273 2286; x_wconf 92' lang='lat' dir='ltr'><strong>apud</strong></span> 
     </span>
     <span class='ocr_line' id='line_1_17' title="bbox 143 2308 1277 2397; baseline 0.003 -22"><span class='ocrx_word' id='word_1_136' title='bbox 143 2308 144 2311; x_wconf 28' lang='lat'>¹</span> <span class='ocrx_word' id='word_1_137' title='bbox 190 2319 330 2375; x_wconf 84' lang='lat' dir='ltr'><strong>nostrum</strong></span> <span class='ocrx_word' id='word_1_138' title='bbox 356 2311 407 2393; x_wconf 81' lang='lat' dir='ltr'><strong>(of.</strong></span> <span class='ocrx_word' id='word_1_139' title='bbox 432 2311 512 2374; x_wconf 81' lang='lat' dir='ltr'><strong>infra</strong></span> <span class='ocrx_word' id='word_1_140' title='bbox 539 2312 655 2395; x_wconf 85' lang='grc'>1016),</span> <span class='ocrx_word' id='word_1_141' title='bbox 680 2311 800 2394; x_wconf 90' lang='lat' dir='ltr'><strong>saepius</strong></span> <span class='ocrx_word' id='word_1_142' title='bbox 823 2321 924 2375; x_wconf 86' lang='lat' dir='ltr'><strong>autem</strong></span> <span class='ocrx_word' id='word_1_143' title='bbox 950 2313 1031 2395; x_wconf 91' lang='lat' dir='ltr'><strong>apud</strong></span> <span class='ocrx_word' id='word_1_144' title='bbox 1056 2315 1187 2378; x_wconf 88' lang='lat' dir='ltr'><strong>romioos</strong></span> <span class='ocrx_word' id='word_1_145' title='bbox 1207 2337 1277 2397; x_wconf 94' lang='lat' dir='ltr'><strong>poe·</strong></span> 
     </span>
     <span class='ocr_line' id='line_1_18' title="bbox 191 2423 1276 2510; baseline 0.004 -22"><span class='ocrx_word' id='word_1_146' title='bbox 191 2432 252 2501; x_wconf 86' lang='lat' dir='ltr'><strong>las,</strong></span> <span class='ocrx_word' id='word_1_147' title='bbox 282 2423 335 2488; x_wconf 94' lang='lat' dir='ltr'><strong>ubi</strong></span> <span class='ocrx_word' id='word_1_148' title='bbox 360 2446 421 2488; x_wconf 91' lang='lat' dir='ltr'><strong>non</strong></span> <span class='ocrx_word' id='word_1_149' title='bbox 446 2447 514 2487; x_wconf 89' lang='lat' dir='ltr'><strong>raro</strong></span> <span class='ocrx_word' id='word_1_150' title='bbox 537 2423 637 2487; x_wconf 86' lang='lat' dir='ltr'><strong>inanis</strong></span> <span class='ocrx_word' id='word_1_151' title='bbox 662 2424 708 2486; x_wconf 91' lang='lat' dir='ltr'><strong>vel</strong></span> <span class='ocrx_word' id='word_1_152' title='bbox 733 2424 897 2508; x_wconf 89' lang='lat' dir='ltr'><strong>subinepta</strong></span> <span class='ocrx_word' id='word_1_153' title='bbox 919 2425 954 2487; x_wconf 89' lang='lat' dir='ltr'><strong>fit</strong></span> <span class='ocrx_word' id='word_1_154' title='bbox 978 2428 1114 2510; x_wconf 89' lang='lat' dir='ltr'><strong>quaestio</strong></span> <span class='ocrx_word' id='word_1_155' title='bbox 1134 2450 1196 2491; x_wconf 90' lang='lat' dir='ltr'><strong>non</strong></span> <span class='ocrx_word' id='word_1_156' title='bbox 1216 2429 1276 2492; x_wconf 88' lang='lat' dir='ltr'><strong>alia</strong></span> 
     </span>
     <span class='ocr_line' id='line_1_19' title="bbox 192 2536 1274 2625; baseline 0.003 -24"><span class='ocrx_word' id='word_1_157' title='bbox 192 2538 229 2602; x_wconf 92' lang='lat' dir='ltr'><strong>de</strong></span> <span class='ocrx_word' id='word_1_158' title='bbox 248 2560 354 2613; x_wconf 85' lang='lat' dir='ltr'><strong>eausa,</strong></span> <span class='ocrx_word' id='word_1_159' title='bbox 372 2559 463 2620; x_wconf 92' lang='lat' dir='ltr'><strong>quam</strong></span> <span class='ocrx_word' id='word_1_160' title='bbox 478 2545 513 2600; x_wconf 92' lang='lat' dir='ltr'><strong>nt</strong></span> <span class='ocrx_word' id='word_1_161' title='bbox 524 2536 726 2600; x_wconf 80' lang='lat' dir='ltr'><strong>interlocutor</strong></span> <span class='ocrx_word' id='word_1_162' title='bbox 738 2537 855 2620; x_wconf 89' lang='lat' dir='ltr'><strong>aliquid</strong></span> <span class='ocrx_word' id='word_1_163' title='bbox 868 2539 961 2601; x_wconf 84' lang='lat' dir='ltr'><strong>iocosi</strong></span> <span class='ocrx_word' id='word_1_164' title='bbox 974 2540 1156 2623; x_wconf 87' lang='lat' dir='ltr'><strong>respondere</strong></span> <span class='ocrx_word' id='word_1_165' title='bbox 1170 2543 1274 2625; x_wconf 81' lang='lat' dir='ltr'><strong>possit.</strong></span> 
     </span>
    </p>

    <p class='ocr_par' dir='ltr' id='par_1_7' title="bbox 192 2649 1277 3192">
     <span class='ocr_line' id='line_1_20' title="bbox 237 2649 1276 2735; baseline 0.004 -20"><span class='ocrx_word' id='word_1_166' title='bbox 237 2655 310 2716; x_wconf 86' lang='grc'>964.</span> <span class='ocrx_word' id='word_1_167' title='bbox 341 2653 384 2722; x_wconf 77' lang='grc' dir='ltr'><strong>ὡς</strong></span> <span class='ocrx_word' id='word_1_168' title='bbox 417 2652 463 2715; x_wconf 85' lang='grc' dir='ltr'><strong>τί.</strong></span> <span class='ocrx_word' id='word_1_169' title='bbox 494 2649 541 2715; x_wconf 83' lang='lat' dir='ltr'><strong>Ol.</strong></span> <span class='ocrx_word' id='word_1_170' title='bbox 574 2649 612 2713; x_wconf 89' lang='lat' dir='ltr'><strong>ad</strong></span> <span class='ocrx_word' id='word_1_171' title='bbox 645 2653 784 2714; x_wconf 69' lang='grc'>1525.-</span> <span class='ocrx_word' id='word_1_172' title='bbox 808 2649 879 2726; x_wconf 75' lang='grc' dir='ltr'><strong>9θέ</strong></span> <span class='ocrx_word' id='word_1_173' title='bbox 909 2653 1106 2735; x_wconf 73' lang='grc' dir='ltr'><strong><em>εἰσῆλθεν,</em></strong></span> <span class='ocrx_word' id='word_1_174' title='bbox 1139 2662 1174 2717; x_wconf 83' lang='lat' dir='ltr'><strong>ut</strong></span> <span class='ocrx_word' id='word_1_175' title='bbox 1205 2654 1276 2730; x_wconf 72' lang='grc' dir='ltr'><strong><em>δόξα</em></strong></span> 
     </span>
     <span class='ocr_line' id='line_1_21' title="bbox 192 2763 1275 2848; baseline 0.003 -18"><span class='ocrx_word' id='word_1_176' title='bbox 192 2767 376 2846; x_wconf 66' lang='grc' dir='ltr'><strong>παρίστανται</strong></span> <span class='ocrx_word' id='word_1_177' title='bbox 400 2763 490 2828; x_wconf 85' lang='lat' dir='ltr'><strong>Rhes.</strong></span> <span class='ocrx_word' id='word_1_178' title='bbox 516 2767 590 2841; x_wconf 89' lang='grc'><strong>780,</strong></span> <span class='ocrx_word' id='word_1_179' title='bbox 614 2785 684 2827; x_wconf 87' lang='lat' dir='ltr'><strong>oum</strong></span> <span class='ocrx_word' id='word_1_180' title='bbox 709 2763 820 2827; x_wconf 88' lang='lat' dir='ltr'><strong>Dativo</strong></span> <span class='ocrx_word' id='word_1_181' title='bbox 848 2763 931 2848; x_wconf 84' lang='lat' dir='ltr'><strong>Cyel.</strong></span> <span class='ocrx_word' id='word_1_182' title='bbox 954 2769 1018 2828; x_wconf 90' lang='grc'><strong>410</strong></span> <span class='ocrx_word' id='word_1_183' title='bbox 1043 2767 1154 2842; x_wconf 75' lang='grc' dir='ltr'><strong><em>εἰσῆλθέ</em></strong></span> <span class='ocrx_word' id='word_1_184' title='bbox 1177 2769 1227 2844; x_wconf 69' lang='lat' dir='ltr'><strong>uel</strong></span> <span class='ocrx_word' id='word_1_185' title='bbox 1248 2794 1275 2833; x_wconf 89' lang='grc' dir='ltr'><strong>τι</strong></span> 
     </span>
     <span class='ocr_line' id='line_1_22' title="bbox 192 2877 1276 2961; baseline 0 -17"><span class='ocrx_word' id='word_1_186' title='bbox 192 2881 280 2956; x_wconf 86' lang='grc' dir='ltr'><strong><em>θείσν,</em></strong></span> <span class='ocrx_word' id='word_1_187' title='bbox 315 2878 367 2941; x_wconf 91' lang='lat' dir='ltr'><strong>sed</strong></span> <span class='ocrx_word' id='word_1_188' title='bbox 400 2877 577 2961; x_wconf 91' lang='lat' dir='ltr'><strong>plerumque</strong></span> <span class='ocrx_word' id='word_1_189' title='bbox 608 2877 723 2942; x_wconf 76' lang='grc' dir='ltr'><strong><em>εἰσιέναι</em></strong></span> <span class='ocrx_word' id='word_1_190' title='bbox 747 2878 804 2941; x_wconf 88' lang='lat' dir='ltr'><strong>hae</strong></span> <span class='ocrx_word' id='word_1_191' title='bbox 828 2885 978 2961; x_wconf 87' lang='lat' dir='ltr'><strong>potestate</strong></span> <span class='ocrx_word' id='word_1_192' title='bbox 1001 2878 1094 2943; x_wconf 87' lang='lat' dir='ltr'><strong>hahet</strong></span> <span class='ocrx_word' id='word_1_193' title='bbox 1119 2883 1276 2945; x_wconf 86' lang='lat' dir='ltr'><strong>Accusati-</strong></span> 
     </span>
     <span class='ocr_line' id='line_1_23' title="bbox 193 2991 1277 3075; baseline 0.003 -19"><span class='ocrx_word' id='word_1_194' title='bbox 193 3015 273 3056; x_wconf 82' lang='lat' dir='ltr'><strong>vum.</strong></span> <span class='ocrx_word' id='word_1_195' title='bbox 306 2991 352 3056; x_wconf 83' lang='grc'><strong>01.</strong></span> <span class='ocrx_word' id='word_1_196' title='bbox 375 2991 454 3054; x_wconf 86' lang='lat' dir='ltr'><strong>infra</strong></span> <span class='ocrx_word' id='word_1_197' title='bbox 481 2994 575 3067; x_wconf 87' lang='grc'>1023,</span> <span class='ocrx_word' id='word_1_198' title='bbox 604 2991 670 3075; x_wconf 91' lang='lat' dir='ltr'><strong>lph.</strong></span> <span class='ocrx_word' id='word_1_199' title='bbox 696 2995 733 3055; x_wconf 83' lang='lat' dir='ltr'><strong>A.</strong></span> <span class='ocrx_word' id='word_1_200' title='bbox 759 2995 834 3069; x_wconf 91' lang='grc'>492,</span> <span class='ocrx_word' id='word_1_201' title='bbox 859 2995 1051 3070; x_wconf 69' lang='grc'>5221374,</span> <span class='ocrx_word' id='word_1_202' title='bbox 1078 2996 1172 3074; x_wconf 90' lang='grc'>1411,</span> <span class='ocrx_word' id='word_1_203' title='bbox 1195 2996 1277 3060; x_wconf 90' lang='lat' dir='ltr'><strong>Med.</strong></span> 
     </span>
     <span class='ocr_line' id='line_1_24' title="bbox 194 3077 1226 3192; baseline 0.001 -22"><span class='ocrx_word' id='word_1_204' title='bbox 194 3111 267 3170; x_wconf 84' lang='grc'>991.</span> <span class='ocrx_word' id='word_1_205' title='bbox 292 3142 335 3154; x_wconf 95' lang='grc'><strong>-</strong></span> <span class='ocrx_word' id='word_1_206' title='bbox 359 3104 550 3180; x_wconf 79' lang='grc' dir='ltr'><strong><em>ἐκβαλεῖν</em></strong></span> <span class='ocrx_word' id='word_1_207' title='bbox 574 3131 615 3166; x_wconf 87' lang='grc'><strong>.-.</strong></span> <span class='ocrx_word' id='word_1_208' title='bbox 640 3106 772 3171; x_wconf 82' lang='grc' dir='ltr'><strong><em>ἐκθεῖναι.</em></strong></span> <span class='ocrx_word' id='word_1_209' title='bbox 807 3105 854 3170; x_wconf 84' lang='lat' dir='ltr'><strong>cf.</strong></span> <span class='ocrx_word' id='word_1_210' title='bbox 879 3106 916 3169; x_wconf 92' lang='lat' dir='ltr'><strong>ad</strong></span> <span class='ocrx_word' id='word_1_211' title='bbox 942 3110 1004 3169; x_wconf 91' lang='grc'><strong>555</strong></span> <span class='ocrx_word' id='word_1_212' title='bbox 1029 3130 1128 3192; x_wconf 88' lang='lat' dir='ltr'><strong>snpra.</strong></span> <span class='ocrx_word' id='word_1_213' title='bbox 1222 3077 1226 3086; x_wconf 32' lang='grc' dir='ltr'><strong><em>Ι</em></strong></span> 
     </span>
    </p>

    <p class='ocr_par' dir='ltr' id='par_1_8' title="bbox 193 3215 1349 4079">
     <span class='ocr_line' id='line_1_25' title="bbox 238 3215 1277 3308; baseline 0.004 -25"><span class='ocrx_word' id='word_1_214' title='bbox 238 3222 313 3283; x_wconf 88' lang='grc'>966.</span> <span class='ocrx_word' id='word_1_215' title='bbox 335 3215 603 3298; x_wconf 67' lang='grc' dir='ltr'><strong>χειμάζεται,</strong></span> <span class='ocrx_word' id='word_1_216' title='bbox 627 3219 813 3301; x_wconf 85' lang='lat' dir='ltr'><strong>agitatur</strong></span> <span class='ocrx_word' id='word_1_217' title='bbox 832 3242 903 3283; x_wconf 89' lang='lat' dir='ltr'><strong>eeu</strong></span> <span class='ocrx_word' id='word_1_218' title='bbox 923 3221 1096 3304; x_wconf 87' lang='lat' dir='ltr'><strong>procella.</strong></span> <span class='ocrx_word' id='word_1_219' title='bbox 1121 3221 1166 3286; x_wconf 81' lang='lat' dir='ltr'><strong>Of.</strong></span> <span class='ocrx_word' id='word_1_220' title='bbox 1184 3221 1277 3308; x_wconf 87' lang='lat' dir='ltr'><strong>Hipp.</strong></span> 
     </span>
     <span class='ocr_line' id='line_1_26' title="bbox 194 3321 1349 3416; baseline 0.001 -18"><span class='ocrx_word' id='word_1_221' title='bbox 194 3338 270 3411; x_wconf 79' lang='lat' dir='ltr'><strong>are,</strong></span> <span class='ocrx_word' id='word_1_222' title='bbox 303 3331 408 3416; x_wconf 79' lang='lat' dir='ltr'><strong>suppl.</strong></span> <span class='ocrx_word' id='word_1_223' title='bbox 441 3332 516 3408; x_wconf 81' lang='lat' dir='ltr'><strong>eea,</strong></span> <span class='ocrx_word' id='word_1_224' title='bbox 547 3329 638 3415; x_wconf 81' lang='lat' dir='ltr'><strong>soph.</strong></span> <span class='ocrx_word' id='word_1_225' title='bbox 663 3330 699 3394; x_wconf 92' lang='lat'><strong>0.</strong></span> <span class='ocrx_word' id='word_1_226' title='bbox 722 3331 758 3396; x_wconf 77' lang='lat' dir='ltr'><strong>a.</strong></span> <span class='ocrx_word' id='word_1_227' title='bbox 783 3337 855 3403; x_wconf 86' lang='lat'><strong>101,</strong></span> <span class='ocrx_word' id='word_1_228' title='bbox 881 3335 954 3398; x_wconf 74' lang='lat' dir='ltr'><strong>Ant.</strong></span> <span class='ocrx_word' id='word_1_229' title='bbox 979 3337 1052 3408; x_wconf 82' lang='lat' dir='ltr'><strong>eoo,</strong></span> <span class='ocrx_word' id='word_1_230' title='bbox 1077 3333 1155 3399; x_wconf 79' lang='lat' dir='ltr'><strong>Phil.</strong></span> <span class='ocrx_word' id='word_1_231' title='bbox 1181 3339 1277 3400; x_wconf 77' lang='lat' dir='ltr'><strong>meo.</strong></span> <span class='ocrx_word' id='word_1_232' title='bbox 1344 3321 1349 3328; x_wconf 82' lang='lat'>&#39;</span> 
     </span>
     <span class='ocr_line' id='line_1_27' title="bbox 193 3443 1277 3530; baseline 0.001 -19"><span class='ocrx_word' id='word_1_233' title='bbox 193 3447 349 3530; x_wconf 77' lang='lat' dir='ltr'><strong>Frequens</strong></span> <span class='ocrx_word' id='word_1_234' title='bbox 384 3443 570 3527; x_wconf 88' lang='lat' dir='ltr'><strong>metaphora.</strong></span> <span class='ocrx_word' id='word_1_235' title='bbox 610 3443 689 3507; x_wconf 88' lang='lat' dir='ltr'><strong>Vide</strong></span> <span class='ocrx_word' id='word_1_236' title='bbox 716 3444 810 3529; x_wconf 82' lang='lat' dir='ltr'><strong>Soph.</strong></span> <span class='ocrx_word' id='word_1_237' title='bbox 835 3447 913 3512; x_wconf 88' lang='lat' dir='ltr'><strong>Phil.</strong></span> <span class='ocrx_word' id='word_1_238' title='bbox 942 3451 1040 3524; x_wconf 89' lang='grc'>1194,</span> <span class='ocrx_word' id='word_1_239' title='bbox 1061 3446 1097 3512; x_wconf 94' lang='lat' dir='ltr'><strong>O.</strong></span> <span class='ocrx_word' id='word_1_240' title='bbox 1122 3447 1154 3512; x_wconf 85' lang='lat' dir='ltr'><strong>O.</strong></span> <span class='ocrx_word' id='word_1_241' title='bbox 1181 3452 1277 3528; x_wconf 91' lang='grc'>1241,</span> 
     </span>
     <span class='ocr_line' id='line_1_28' title="bbox 195 3554 1278 3641; baseline 0.003 -17"><span class='ocrx_word' id='word_1_242' title='bbox 195 3559 303 3624; x_wconf 83' lang='lat' dir='ltr'><strong>Aeseh.</strong></span> <span class='ocrx_word' id='word_1_243' title='bbox 327 3559 384 3641; x_wconf 78' lang='lat' dir='ltr'><strong>Ag.</strong></span> <span class='ocrx_word' id='word_1_244' title='bbox 412 3560 475 3620; x_wconf 90' lang='grc'><strong>819</strong></span> <span class='ocrx_word' id='word_1_245' title='bbox 502 3554 576 3631; x_wconf 74' lang='grc' dir='ltr'><strong><em>ἄπας</em></strong></span> <span class='ocrx_word' id='word_1_246' title='bbox 596 3556 777 3639; x_wconf 75' lang='grc' dir='ltr'><strong>θύελλαι,</strong></span> <span class='ocrx_word' id='word_1_247' title='bbox 797 3560 858 3623; x_wconf 91' lang='lat' dir='ltr'><strong>nisi</strong></span> <span class='ocrx_word' id='word_1_248' title='bbox 876 3562 980 3636; x_wconf 74' lang='grc' dir='ltr'><strong><em>θνηλαί</em></strong></span> <span class='ocrx_word' id='word_1_249' title='bbox 997 3561 1190 3626; x_wconf 84' lang='lat' dir='ltr'><strong>scribendum</strong></span> <span class='ocrx_word' id='word_1_250' title='bbox 1209 3586 1278 3628; x_wconf 87' lang='lat' dir='ltr'><strong>eum</strong></span> 
     </span>
     <span class='ocr_line' id='line_1_29' title="bbox 198 3670 1315 3756; baseline 0.005 -20"><span class='ocrx_word' id='word_1_251' title='bbox 198 3675 393 3747; x_wconf 87' lang='lat' dir='ltr'><strong>Hermanno,</strong></span> <span class='ocrx_word' id='word_1_252' title='bbox 417 3670 516 3733; x_wconf 93' lang='lat' dir='ltr'><strong>Prom.</strong></span> <span class='ocrx_word' id='word_1_253' title='bbox 542 3674 604 3735; x_wconf 90' lang='grc'><strong>647</strong></span> <span class='ocrx_word' id='word_1_254' title='bbox 630 3671 779 3737; x_wconf 77' lang='grc' dir='ltr'><strong><em>θεόσσυτον</em></strong></span> <span class='ocrx_word' id='word_1_255' title='bbox 798 3681 951 3754; x_wconf 82' lang='grc' dir='ltr'><strong><em>χειμῶνα,</em></strong></span> <span class='ocrx_word' id='word_1_256' title='bbox 971 3674 1043 3740; x_wconf 92' lang='lat' dir='ltr'><strong>ibid.</strong></span> <span class='ocrx_word' id='word_1_257' title='bbox 1067 3679 1150 3739; x_wconf 83' lang='grc'>1046</span> <span class='ocrx_word' id='word_1_258' title='bbox 1166 3679 1279 3756; x_wconf 73' lang='grc' dir='ltr'><strong><em>χειμὼν</em></strong></span> <span class='ocrx_word' id='word_1_259' title='bbox 1312 3701 1315 3708; x_wconf 86' lang='grc'><strong>’</strong></span> 
     </span>
     <span class='ocr_line' id='line_1_30' title="bbox 193 3783 1278 3870; baseline 0.003 -19"><span class='ocrx_word' id='word_1_260' title='bbox 193 3789 242 3852; x_wconf 82' lang='grc' dir='ltr'><strong><em>καί</em></strong></span> <span class='ocrx_word' id='word_1_261' title='bbox 267 3792 362 3850; x_wconf 81' lang='grc' dir='ltr'><strong><em>κακῶν</em></strong></span> <span class='ocrx_word' id='word_1_262' title='bbox 388 3785 546 3864; x_wconf 76' lang='grc' dir='ltr'><strong><em>τρικυμία,</em></strong></span> <span class='ocrx_word' id='word_1_263' title='bbox 573 3783 708 3870; x_wconf 84' lang='lat' dir='ltr'><strong>Choeph.</strong></span> <span class='ocrx_word' id='word_1_264' title='bbox 739 3790 798 3850; x_wconf 92' lang='grc'><strong>199</strong></span> <span class='ocrx_word' id='word_1_265' title='bbox 823 3786 915 3853; x_wconf 84' lang='grc' dir='ltr'><strong><em>νίσισιν</em></strong></span> <span class='ocrx_word' id='word_1_266' title='bbox 937 3791 966 3852; x_wconf 82' lang='grc' dir='ltr'><strong>ἐν</strong></span> <span class='ocrx_word' id='word_1_267' title='bbox 988 3797 1114 3869; x_wconf 79' lang='grc' dir='ltr'><strong><em>χειμῶσι</em></strong></span> <span class='ocrx_word' id='word_1_268' title='bbox 1138 3793 1278 3854; x_wconf 77' lang='grc' dir='ltr'><strong><em>ναυτίλων</em></strong></span> 
     </span>
     <span class='ocr_line' id='line_1_31' title="bbox 194 3896 1280 3982; baseline 0.001 -17"><span class='ocrx_word' id='word_1_269' title='bbox 194 3902 272 3974; x_wconf 76' lang='grc' dir='ltr'><strong><em>δίκην</em></strong></span> <span class='ocrx_word' id='word_1_270' title='bbox 295 3897 514 3978; x_wconf 82' lang='grc' dir='ltr'><strong><em>στριβιθμεθα,</em></strong></span> <span class='ocrx_word' id='word_1_271' title='bbox 537 3896 610 3961; x_wconf 73' lang='lat' dir='ltr'><strong>Eur.</strong></span> <span class='ocrx_word' id='word_1_272' title='bbox 634 3897 742 3982; x_wconf 87' lang='lat' dir='ltr'><strong>Suppl.</strong></span> <span class='ocrx_word' id='word_1_273' title='bbox 764 3902 828 3964; x_wconf 91' lang='grc'><strong>962</strong></span> <span class='ocrx_word' id='word_1_274' title='bbox 849 3899 1023 3978; x_wconf 83' lang='grc' dir='ltr'><strong><em>πνευμνίπινν</em></strong></span> <span class='ocrx_word' id='word_1_275' title='bbox 1043 3900 1097 3966; x_wconf 81' lang='grc' dir='ltr'><strong>ὕπσ</strong></span> <span class='ocrx_word' id='word_1_276' title='bbox 1113 3902 1280 3981; x_wconf 76' lang='grc' dir='ltr'><strong><em>δυσχείμνιν</em></strong></span> 
     </span>
     <span class='ocr_line' id='line_1_32' title="bbox 193 4005 848 4079; baseline 0 -1"><span class='ocrx_word' id='word_1_277' title='bbox 193 4015 294 4079; x_wconf 83' lang='grc' dir='ltr'><strong><em>ιίίσσα.</em></strong></span> <span class='ocrx_word' id='word_1_278' title='bbox 847 4005 848 4008; x_wconf 20' lang='lat'>¹</span> 
     </span>
    </p>

    <p class='ocr_par' dir='ltr' id='par_1_9' title="bbox 194 4123 1280 4433">
     <span class='ocr_line' id='line_1_33' title="bbox 240 4123 1278 4214; baseline 0.002 -24"><span class='ocrx_word' id='word_1_279' title='bbox 240 4129 314 4191; x_wconf 91' lang='grc'><strong>967.</strong></span> <span class='ocrx_word' id='word_1_280' title='bbox 345 4128 471 4206; x_wconf 77' lang='grc' dir='ltr'><strong><em>κρᾶτα</em></strong></span> <span class='ocrx_word' id='word_1_281' title='bbox 502 4123 671 4204; x_wconf 77' lang='grc' dir='ltr'><strong><em>κρύψας,</em></strong></span> <span class='ocrx_word' id='word_1_282' title='bbox 704 4126 723 4190; x_wconf 92' lang='lat' dir='ltr'><strong>i.</strong></span> <span class='ocrx_word' id='word_1_283' title='bbox 748 4149 773 4191; x_wconf 89' lang='lat' dir='ltr'><strong>e.</strong></span> <span class='ocrx_word' id='word_1_284' title='bbox 799 4128 1061 4208; x_wconf 76' lang='grc' dir='ltr'><strong><em>ε’γκαλνψνίριενσς.</em></strong></span> <span class='ocrx_word' id='word_1_285' title='bbox 1098 4129 1190 4214; x_wconf 89' lang='lat' dir='ltr'><strong>Hipp.</strong></span> <span class='ocrx_word' id='word_1_286' title='bbox 1215 4132 1278 4193; x_wconf 85' lang='grc'><strong>243</strong></span> 
     </span>
     <span class='ocr_line' id='line_1_34' title="bbox 194 4237 1280 4324; baseline 0 -16"><span class='ocrx_word' id='word_1_287' title='bbox 194 4243 284 4308; x_wconf 88' lang='grc' dir='ltr'><strong><em>πσίλιν</em></strong></span> <span class='ocrx_word' id='word_1_288' title='bbox 314 4265 370 4318; x_wconf 79' lang='grc' dir='ltr'><strong>μιν</strong></span> <span class='ocrx_word' id='word_1_289' title='bbox 401 4237 507 4320; x_wconf 77' lang='grc' dir='ltr'><strong><em>κρύψιν</em></strong></span> <span class='ocrx_word' id='word_1_290' title='bbox 537 4239 690 4320; x_wconf 82' lang='grc' dir='ltr'><strong><em>κεφαλνίν,</em></strong></span> <span class='ocrx_word' id='word_1_291' title='bbox 722 4240 764 4305; x_wconf 91' lang='lat' dir='ltr'><strong>ib.</strong></span> <span class='ocrx_word' id='word_1_292' title='bbox 800 4244 883 4306; x_wconf 87' lang='grc'>1485</span> <span class='ocrx_word' id='word_1_293' title='bbox 918 4244 1024 4324; x_wconf 79' lang='grc' dir='ltr'><strong><em>κρύψιν</em></strong></span> <span class='ocrx_word' id='word_1_294' title='bbox 1052 4269 1108 4321; x_wconf 76' lang='grc' dir='ltr'><strong>μου</strong></span> <span class='ocrx_word' id='word_1_295' title='bbox 1132 4245 1280 4324; x_wconf 80' lang='grc' dir='ltr'><strong><em>πρόσωπον</em></strong></span> 
     </span>
     <span class='ocr_line' id='line_1_35' title="bbox 196 4344 977 4433; baseline 0 -13"><span class='ocrx_word' id='word_1_296' title='bbox 196 4354 328 4427; x_wconf 81' lang='grc' dir='ltr'><strong>πέπλοις.</strong></span> <span class='ocrx_word' id='word_1_297' title='bbox 353 4353 400 4417; x_wconf 82' lang='grc'><strong>01.</strong></span> <span class='ocrx_word' id='word_1_298' title='bbox 425 4352 450 4416; x_wconf 88' lang='grc' dir='ltr'><strong>Ι.</strong></span> <span class='ocrx_word' id='word_1_299' title='bbox 473 4351 509 4416; x_wconf 80' lang='grc' dir='ltr'><strong>Τ.</strong></span> <span class='ocrx_word' id='word_1_300' title='bbox 536 4354 633 4428; x_wconf 89' lang='grc'>1217,</span> <span class='ocrx_word' id='word_1_301' title='bbox 659 4352 778 4419; x_wconf 86' lang='lat' dir='ltr'><strong>Herael.</strong></span> <span class='ocrx_word' id='word_1_302' title='bbox 804 4344 878 4433; x_wconf 89' lang='grc'>561,</span> <span class='ocrx_word' id='word_1_303' title='bbox 903 4359 977 4420; x_wconf 87' lang='grc'>604.</span> 
     </span>
    </p>
   </div>
   <div class='ocr_carea' id='block_1_5' title="bbox 0 0 1571 4914">
    <p class='ocr_par' dir='ltr' id='par_1_10' title="bbox 0 0 1571 4914">
     <span class='ocr_line' id='line_1_36' title="bbox 0 0 1571 4914; baseline 0 0"><span class='ocrx_word' id='word_1_304' title='bbox 0 0 1571 4914; x_wconf 95' lang='lat' dir='ltr'><strong> </strong></span> 
     </span>
    </p>
   </div>
  </div>
 </body>
</html>
