3112 4914
269 367 333 435 140
659 372 663 377 ’
685 394 936 440 commaneamus.

266 583 458 650 satisfaciunt
480 587 663 653 Kirchhoffii
686 591 860 654 coniectura
881 590 1043 667 βασιλικῶν
1065 594 1094 655 τ’
1114 590 1350 669 tranctantem

267 721 289 762 s.
317 697 425 779 δόμον,
452 700 485 765 in
512 723 572 785 qua
599 725 689 767 nemo
713 704 852 769 laudabit
876 705 958 768 istud
982 704 1024 770 ἔτι
1047 705 1114 781 καί,
1139 714 1169 768 et
1195 705 1349 769 Heimsoe·

266 811 370 876 thiana
391 796 553 891 βασιλικῶν
576 816 715 895 θαλάμων
738 819 762 882 δ’
783 816 868 900 ὅπερ,
893 841 972 904 quaa
995 819 1085 902 longe
1112 826 1253 902 praestat.

310 927 387 992 487.
409 931 552 1011 τροφαὶ
576 932 722 1005 κήδειοι
745 932 1011 1007 κεδνότεκνοι,
1033 932 1208 995 educatio
1225 931 1351 995 sedula

266 1036 445 1106 bonorum
478 1044 689 1110 liberorum.
724 1045 855 1109 Felicem
887 1045 965 1109 hane
993 1044 1124 1109 arbitror
1147 1045 1351 1108 Heimsoethii

268 1154 486 1224 coniecturam.
510 1158 683 1224 Secundum
708 1160 930 1224 Buttmannum
957 1159 1053 1224 Lexil.
1073 1158 1099 1237 I,
1121 1181 1150 1243 p.
1173 1162 1236 1222 276
1257 1157 1351 1229 κεδνός

267 1267 344 1350 (quo
364 1269 513 1335 adiectivo
533 1273 639 1357 tragici
657 1270 762 1337 crebro
785 1280 915 1337 utuntur
933 1295 987 1357 pro
1003 1272 1128 1356 ἀγαθός)
1145 1294 1213 1335 cum
1228 1271 1350 1363 καθαρός

267 1381 425 1460 cohaeret,
459 1395 493 1448 ut
524 1385 627 1465 ψεδνός
659 1408 728 1450 eum
760 1387 906 1466 ψαθαοός,
939 1407 1017 1471 quae
1051 1385 1292 1471 speciosissima,
1320 1392 1351 1448 et

267 1496 370 1560 nescio
392 1519 429 1561 an
456 1520 540 1576 vera,
563 1508 609 1562 est
633 1501 748 1584 opinio.

313 1611 386 1673 489.
409 1605 430 1692 ᾧ
452 1635 494 1676 τε
517 1612 629 1677 δοκεῖ.
654 1613 680 1675 ll
705 1635 879 1698 praegresso
898 1613 947 1677 τὸν
966 1611 1082 1677 ἄπαιδα
1101 1611 1283 1696 βίοναοςὶῑα
1302 1609 1351 1690 ζῆν

268 1720 384 1786 ἄπαιδα
406 1724 480 1801 βίον.
504 1727 686 1791 Accusatius
710 1735 800 1812 poeta
823 1727 993 1812 scripsisset
1016 1723 1049 1799 ὅς
1073 1751 1109 1790 τε
1132 1731 1235 1807 φιλεῖ
1254 1724 1350 1804 ψέγω.

312 1839 386 1900 490.
413 1838 459 1899 De
482 1839 571 1903 metri
594 1840 711 1903 ratione
734 1841 776 1919 cf.
795 1840 899 1903 Christ
923 1839 941 1904 l.
963 1839 982 1904 l.
1008 1862 1036 1923 p.
1063 1841 1132 1903 141.

312 1953 386 2016 491.
410 1950 496 2016 Libri
519 1953 623 2030 βιοτᾶς
642 1954 778 2026 εὔπαιδος
798 1955 968 2034 ἐχοίμαν.
992 1951 1093 2016 Nemo
1109 1959 1210 2037 potest
1228 1951 1349 2031 ἔχεσθαι

267 2065 328 2140 rei,
362 2088 439 2151 quae
467 2090 528 2132 non
556 2079 601 2132 est
626 2091 718 2153 penes
741 2091 812 2150 nos,
839 2069 891 2132 sed
916 2068 1028 2152 pendet
1051 2091 1068 2131 a
1091 2069 1217 2130 deorum
1241 2065 1352 2128 volun-

267 2184 348 2256 tate;
381 2201 472 2262 quare
505 2183 627 2265 reposui
651 2183 835 2259 ὀναίμαν,
858 2183 985 2245 fruar.
1020 2179 1067 2245 of.
1097 2180 1267 2262 Veretum,
1293 2176 1351 2255 IV,

268 2295 298 2368 a,
323 2314 351 2376 p.
380 2296 451 2358 185.
475 2293 616 2358 Formam
641 2296 816 2359 femininam
841 2295 929 2373 βιαταὶ
954 2315 1043 2377 saepe
1059 2293 1168 2376 tragici
1184 2298 1350 2375 usurpant,

268 2405 319 2467 sed
344 2427 405 2469 non
429 2407 490 2470 nisi
512 2407 545 2471 in
570 2407 685 2472 melicis
709 2416 739 2473 et
762 2431 881 2493 semper
903 2407 1021 2471 Dorice.
1046 2406 1141 2476 Βίοτος
1162 2411 1193 2467 et
1211 2405 1242 2468 in
1256 2404 1352 2467 diver·

268 2517 326 2582 biis
357 2520 469 2606 legitur
497 2530 528 2586 et
551 2523 581 2586 in
608 2523 740 2600 melicis;
770 2522 968 2607 quodmodo
993 2520 1157 2606 praecessit
1179 2516 1298 2583 κτέανον
1319 2517 1350 2580 in

267 2634 383 2698 melicis
414 2643 535 2700 tantum
563 2659 618 2721 pro
645 2645 762 2715 κτῆμα,
786 2637 868 2721 quod
895 2636 1008 2719 dialogi
1032 2651 1077 2698 est
1102 2633 1268 2718 proprium.
1303 2630 1352 2693 Ad

267 2753 366 2812 totum
391 2749 492 2814 locum
512 2751 552 2814 de
577 2744 715 2815 liberis⁴
730 2750 930 2815 felicitatis
954 2745 1174 2812 auctoribus
1197 2745 1256 2808 iam
1282 2743 1353 2808 Bar·

267 2883 321 2924 nes
345 2865 513 2948 comparari
535 2865 625 2930 iussit
649 2864 772 2929 Stobaei
798 2864 875 2929 Flor.
900 2861 1019 2927 LXXV
1043 2860 1087 2927 ὅτι
1110 2860 1199 2925 καλὸν
1220 2860 1253 2924 τὸ
1273 2860 1352 2939 ἔχειν

268 2976 389 3048 παῖδας.
430 2977 576 3044 Videatur
603 2980 751 3063 imprimis
783 2978 1022 3063 pulcherrimum
1048 2976 1155 3058 fragm.
1178 2972 1307 3050 LXXV,
1332 2976 1352 3034 A

270 3090 355 3172 (Eur.
388 3094 475 3178 318).
515 3091 675 3156 Contraria
706 3092 859 3155 sententia
889 3098 1034 3155 anostro
1063 3087 1240 3151 defenditur
1262 3085 1352 3150 Rhea.

268 3206 347 3282 980,
382 3205 463 3289 Med.
500 3209 584 3270 1090
606 3227 687 3289 sqq.,
723 3205 837 3270 Alcest.
874 3207 1016 3288 882sq.,
1050 3202 1158 3287 Suppl.
1188 3204 1269 3265 1087
1287 3222 1351 3285 sqq.

268 3317 354 3383 Inter
379 3329 539 3403 utramque
564 3321 736 3405 opinionem
762 3327 850 3404 poeta
876 3318 1006 3381 fluctuat
1028 3318 1133 3400 fragm.
1160 3317 1235 3379 575.

314 3436 389 3496 492.
408 3454 472 3517 sqq.
503 3432 549 3496 De
573 3433 664 3496 Panis
689 3432 800 3496 sacello
824 3432 881 3495 sub
905 3431 1040 3515 acropoli
1063 3429 1132 3492 vide
1156 3427 1271 3492 Herod.
1294 3427 1350 3503 VI,

271 3549 344 3620 105,
370 3545 499 3611 Pausan.
522 3546 547 3617 Ι,
572 3549 623 3621 28,
648 3550 679 3622 4,
705 3547 758 3610 Ar.
781 3544 852 3629 Lys.
877 3547 951 3625 726,
973 3543 1099 3608 Lucian.
1125 3541 1171 3606 bis
1188 3563 1286 3606 accus.
1302 3544 1352 3606 10.

268 3659 353 3723 Infra
385 3662 459 3722 938.
499 3660 621 3724 Musae.
653 3661 788 3723 Antrum
821 3657 903 3743 quod
937 3658 1088 3741 hodieque
1119 3662 1233 3730 exstat,
1267 3664 1353 3717 esta

269 3782 353 3857 parte
377 3774 491 3838 boreali
516 3775 592 3838 arcis
618 3773 804 3862 occidentem
830 3794 950 3849 versus,
975 3793 1068 3855 prope
1089 3768 1294 3854 clepsydram,
1316 3778 1352 3831 ut

269 3900 393 3972 apparet
429 3911 445 3952 e
480 3889 546 3952 loco
582 3887 806 3971 Aristophanis.
850 3886 896 3949 De
931 3895 1060 3968 utroque
1095 3882 1232 3947 videatur
1255 3901 1350 3959 arua,

269 4003 447 4067 Accient
479 4001 635 4066 Atheus
668 4023 735 4085 pag.
766 4004 827 4064 441
849 4022 933 4084 sqq.;
964 3999 1014 4063 cui
1045 3997 1193 4062 assentior
1217 3996 1266 4059 hic
1290 4017 1352 4060 non

269 4115 420 4198 distingui
447 4114 538 4179 Panis
561 4124 683 4179 antrum
707 4114 884 4198 (θακήματα
908 4112 958 4177 καὶ
982 4112 1076 4191 πέτρα
1101 4118 1146 4174 est
1169 4109 1352 4195 hendiadys)

268 4229 305 4293 ab
330 4237 418 4292 antro
443 4229 595 4313 Apollinis
619 4229 795 4309 ὑτακραὶον,
820 4228 838 4291 i.
855 4250 879 4292 e.
905 4226 1036 4308 abillo,
1063 4223 1115 4289 ubi
1138 4222 1273 4288 Greiisae
1289 4224 1350 4287 vim

269 4342 411 4408 intulisse
440 4342 635 4419 credebatur,
672 4343 775 4425 itaque
807 4340 872 4405 falli
903 4359 1147 4405 aourrromaauu
1178 4340 1208 4405 in
1241 4338 1352 4402 Philol.
