3112 4914
620 400 873 445 commoxeamus.
1224 383 1283 445 211

204 596 377 674 γράμματα
409 596 543 680 picturas
575 595 763 678 siguificare,
796 617 858 658 non
886 603 987 659 tamen
1012 594 1117 659 aulaea
1140 595 1290 680 significa·

204 709 267 785 bit,
299 710 360 773 nisi
391 710 527 794 epitheto
560 709 687 773 adiecto.
735 707 932 792 Legendum:
963 711 1026 782 ἐνῆν
1048 707 1073 770 δ’
1097 708 1289 788 ὑφαντοῖς

204 823 388 902 praepara.
427 824 598 887 Inerant
628 831 760 887 autem
793 824 832 886 in
858 823 1038 906 picturis
1063 822 1291 887 tentilibus

205 937 441 1002 huiusmodi
475 949 566 1001 texe.
599 939 724 1000 Musae.
756 936 950 1000 Picturas
974 937 1037 1010 sive
1060 937 1292 1021 operapicta

204 1049 377 1129 γράμματα
401 1074 524 1136 quoque
549 1052 610 1116 dici
629 1074 665 1114 ex
681 1052 740 1113 hoo
756 1050 910 1113 Theocriti
928 1051 994 1113 loeo
1012 1061 1042 1115 et
1058 1037 1182 1114 aliunde
1201 1050 1293 1114 Daris

205 1165 341 1227 ostendit
365 1165 400 1229 ad
428 1166 555 1229 Maximi
579 1165 661 1248 Tyrii
679 1165 751 1228 diss.
769 1163 908 1240 XXXII,
925 1173 996 1228 sect.
1015 1163 1050 1228 V.
1075 1163 1294 1228 Vsacxanasa
1404 1202 1407 1207 <

204 1281 288 1344 adn.
319 1279 359 1344 in
388 1280 637 1343 Adoniaaus.
664 1282 702 1341 81
738 1280 985 1363 (pag.371sq.)
1020 1277 1133 1341 Parum
1157 1277 1293 1341 conside·

204 1402 269 1457 rate
303 1393 387 1457 hunc
419 1392 562 1456 vocabuli
593 1413 680 1454 usura
713 1391 835 1475 negavit
862 1391 1019 1467 Badbam,
1045 1400 1080 1456 ut
1103 1391 1188 1455 locus
1213 1400 1291 1454 esset

204 1530 276 1571 suae
301 1507 493 1570 coniecturae
512 1507 679 1585 ρὐίμμασνν,
701 1527 763 1588 qua
780 1505 839 1568 loci
858 1504 1023 1569 difficultas
1038 1528 1099 1569 non
1117 1507 1291 1589 expeditur.

204 1620 270 1704 Ego
294 1642 363 1684 eum
386 1619 563 1702 Musgravio
588 1618 740 1682 contendo
764 1619 867 1702 inepte
891 1620 950 1682 dici
969 1620 1102 1701 ὑφανταί
1122 1622 1215 1703 ὑφαί,
1233 1644 1290 1687 neo

204 1744 305 1798 tamen
339 1733 413 1796 mihi
444 1731 585 1816 probavit
612 1754 697 1795 suam
722 1733 948 1808 coniecturam,
974 1755 1051 1816 quae
1072 1734 1189 1818 placuit
1213 1735 1291 1800 Din-

205 1847 318 1923 dorfio,
344 1847 418 1930 quia
438 1845 566 1929 permire
582 1854 613 1933 et
630 1867 737 1929 parum
753 1844 908 1928 eleganter
924 1845 1000 1908 mihi
1017 1846 1133 1909 dictum
1152 1847 1288 1912 videtur:

203 1961 371 2024 inerant
396 1959 575 2044 picturis
597 1957 822 2022 textilibus
842 1958 1081 2023 huiusmodi
1104 1969 1216 2024 texta
1236 1985 1290 2046 pro

204 2096 255 2150 eo,
281 2073 363 2158 quod
389 2073 454 2136 iure
479 2081 637 2156 expectes:
663 2073 813 2135 inerant
836 2073 951 2135 textis
976 2073 1187 2139 huiusmodi
1213 2077 1291 2159 pie·

204 2197 326 2270 turae
361 2187 427 2251 vel:
468 2188 609 2251 inerant
643 2186 806 2270 picturis
841 2186 1040 2252 textilibus
1077 2188 1291 2255 huiusmodi

204 2303 403 2385 imagines.
428 2299 523 2363 Venit
546 2301 578 2363 in
603 2306 753 2365 mentem:
778 2303 840 2375 ε’νῆν
862 2300 887 2363 δ’
905 2302 997 2382 ὑφαῖς
1021 2303 1180 2384 ὑφανταὶ
1203 2312 1292 2368 τοῖα

203 2416 447 2494 νςνίμματα,
484 2414 584 2498 qualis
620 2413 711 2477 lectio
741 2413 785 2477 ita
815 2414 897 2499 nasci
929 2415 1048 2496 potuit,
1084 2417 1109 2479 si
1142 2417 1291 2481 sumimus
1351 2453 1354 2458 ·

205 2529 297 2608 ὑφαῖς
321 2535 445 2611 propter
468 2548 598 2609 sequens
622 2526 743 2604 ὑφανταὶ
764 2549 782 2593 a
805 2526 929 2590 librario
954 2529 1039 2612 prius
1064 2530 1236 2613 neglectum
1257 2532 1288 2595 in

204 2642 340 2725 margine
364 2639 553 2723 adscriptum
576 2639 690 2717 fnisse3
714 2638 842 2715 deinde,
865 2662 959 2723 quum
980 2642 1012 2704 in
1033 2642 1134 2706 locum
1155 2643 1286 2708 alienum

205 2755 391 2830 devenisset,
429 2777 446 2815 a
483 2750 727 2829 correctoribus,
765 2762 800 2817 ut
831 2756 1001 2818 sententiae
1036 2756 1151 2839 speeies
1187 2757 1290 2840 aliqua

177 2896 178 2899 ¹
204 2869 364 2943 existeret,
402 2889 522 2932 versum
556 2889 620 2930 esse
650 2863 883 2950 interpolatum,
918 2866 1060 2935 Picturae
1089 2879 1297 2952 argumenta,¹

204 2982 317 3067 quibus
341 2990 502 3045 ornaretur
523 2981 664 3057 lacunar,
689 2983 847 3065 aptissima
871 2981 1020 3065 delegisse
1037 2994 1174 3067 poetam,
1193 2985 1289 3070 fugiet

204 3094 366 3158 neminem.

252 3211 335 3272 1148
372 3208 425 3277 είς
457 3207 699 3271 τελευταίαν
729 3205 877 3287 φλόγα.
923 3207 955 3271 Si
987 3177 1064 3272 nihil
1090 3219 1247 3294 peccatum
1268 3235 1290 3282 a

205 3319 325 3396 scribis,
351 3320 566 3404 explicandum
589 3320 632 3382 ad
658 3343 736 3384 eum
761 3320 895 3394 locum,
922 3321 982 3386 ubi
1000 3323 1128 3388 ultima
1144 3325 1289 3391 flamma

205 3457 229 3497 s.
251 3432 392 3497 ultimi
416 3431 523 3496 radii
546 3432 647 3496 solis
669 3433 997 3515 conspiciunt-ur.
1022 3433 1170 3518 Suspecta
1190 3443 1291 3501 tamen

206 3547 366 3631 scriptura.
391 3545 439 3611 Ad
465 3544 648 3611 Wakefieldi
672 3545 877 3610 coniecturam
904 3546 1009 3609 πλυίκα
1028 3547 1065 3612 cf.
1083 3549 1291 3617 nostrilllect.

207 3662 291 3723 1849
316 3659 350 3721 tr·
375 3659 499 3736 αἰθερίας
522 3656 655 3734 πλανὺς,
678 3657 715 3724 ad
739 3656 981 3740 Hartuugianam
1003 3660 1112 3740 πτύχα
1125 3660 1194 3725 Hel.
1207 3665 1250 3725 11
1263 3663 1292 3725 ἕν

205 3778 369 3851 πτυχαῖσιν
400 3771 525 3850 ellipse,
557 3769 658 3835 Orest.
692 3773 773 3837 ital
799 3778 830 3834 et
858 3773 942 3835 1636
966 3773 995 3835 ἐν
1018 3767 1123 3853 αῖὺέςνς
1147 3781 1292 3853 πτυχαῖς.

205 3880 252 3949 Gt
274 3883 342 3947 Hel.
368 3885 443 3961 605,
466 3882 580 3954 Placen.
608 3887 664 3959 81,
689 3889 759 3949 cett.

254 3997 347 4058 1149.
381 3994 561 4073 λαμπρὸν
597 3995 779 4073 Ἑσπέρου
814 3994 925 4074 φνίυς.
974 3993 1131 4078 Hesperus
1168 3997 1295 4081 reliquis

199 4106 302 4171 'stellis
327 4117 373 4170 est
396 4107 488 4190 paulo
513 4106 708 4183 rutulantior,
734 4107 815 4172 uude
839 4105 997 4170 Catullus:
1026 4107 1189 4192 Hespero
1214 4112 1295 4194 quis

206 4221 321 4284 caelo
345 4219 481 4303 fulget
505 4227 542 4282 te
568 4218 724 4283 clarior
746 4218 883 4302 ignia?
908 4219 1043 4285 Baanns.

254 4335 347 4399 1150.
371 4328 671 4409 μελάμπεπλος
694 4331 786 4408 Νύξ.
811 4332 917 4395 Alexis
940 4355 988 4416 ap.
1008 4335 1082 4398 ath.
1104 4334 1168 4414 XII
1184 4359 1213 4419 p,
1230 4340 1293 4402 552

1111 4466 1112 4470 =
1148 4448 1194 4494 ιε*
