3112 4914
268 385 330 449 118
681 401 936 447 oonnrnraams.

265 598 489 682 illegitimi
528 599 769 663 commercii.
820 602 938 662 Auctor
976 599 1165 682 argumenti:
1202 601 1218 672 ή
1254 598 1283 661 δὲ
1317 598 1350 662 τὸ

266 713 397 790 γεννήθὲν
430 713 484 776 ὑπὸ
514 715 566 786 τήν
597 711 750 791 οὶκρθπσλνν
779 711 910 792 ἐξέθηκε,
933 711 982 776 τὸν
1005 712 1092 776 αὐτὸν
1115 710 1202 775 πθπον
1226 710 1275 774 καὶ
1300 717 1351 775 τοῦ

267 827 512 902 sarcasmos
542 828 591 891 aul
622 834 675 901 πής
707 827 831 906 λοχείας
863 824 997 906 μθρπυρα
1020 826 1177 902 λαβοῦσα,
1203 824 1256 888 ubi
1280 847 1352 888 con-

269 947 370 1003 textus
400 940 489 1004 docet
519 941 651 1018 σθδθκνρσα
682 940 742 1004 dici
773 942 917 1004 iniuriam
941 951 1143 1024 stuprumque
1166 940 1287 1003 illatum
1313 927 1349 1003 ab

269 1052 430 1136 Apolline,
462 1075 523 1116 non
557 1055 654 1137 ipsius
685 1053 821 1117 mulieris
845 1061 1014 1137 peccatum.
1040 1053 1080 1116 nt
1104 1053 1240 1117 mulieris
1263 1053 1355 1136 culpa
1405 1054 1409 1063 '

268 1165 455 1230 Graecorum
480 1166 615 1231 moribus
639 1168 742 1251 potius
766 1167 932 1245 θμνθρσνρνα
957 1189 1047 1250 quam
1072 1167 1204 1243 θδθκνρκα
1224 1166 1354 1230 dicenda

270 1289 340 1344 erat.
376 1280 566 1344 Badbamum
600 1302 722 1365 quoque
753 1281 875 1344 haerere
901 1279 1009 1357 video,
1035 1281 1076 1343 ita
1100 1288 1201 1343 tamen
1229 1289 1263 1342 nt
1288 1281 1355 1343 loco

270 1394 383 1457 mederi
403 1417 435 1457 se
454 1403 543 1478 putet
569 1394 758 1478 reponendo:
783 1393 913 1468 αδθκήραα
929 1399 989 1458 τοῦ
1005 1395 1198 1471 Φθσανπος
1214 1393 1355 1469 ἐγενόμην

270 1508 362 1583 ὕσας,
386 1508 497 1591 partim
520 1508 557 1570 iis
581 1530 656 1570 usus
681 1506 865 1582 rationibus,
888 1529 963 1590 quas
988 1506 1064 1569 mihi
1086 1506 1193 1569 saltem
1210 1528 1271 1569 non
1290 1527 1356 1590 pro·

271 1618 361 1682 bavit.
399 1619 526 1683 Collatis
559 1628 661 1683 autem
687 1643 744 1684 vss.
768 1624 811 1683 44
835 1643 880 1704 sq.
913 1619 1057 1696 ἐθαθρσασ’
1084 1619 1111 1684 εθ
1132 1644 1176 1691 πνς
1202 1619 1357 1700 Δελφνοων

269 1733 358 1803 πλαθν
372 1732 446 1812 ,κθρν
467 1733 473 1818 l
493 1735 627 1811 λαθραῖον
658 1734 729 1798 ὠδῖν’
752 1737 791 1805 εἷς
820 1735 881 1799 θεοῦ
905 1739 1016 1813 ῥῖψαν
1041 1731 1125 1808 δθρκσν
1149 1742 1179 1797 et
1205 1736 1266 1797 557
1293 1738 1353 1804 πῶς

270 1843 293 1908 δ’
317 1845 506 1926 ήΦνκθμεσθα
529 1847 630 1923 ναούς,
655 1847 670 1911 ἕ
677 1871 695 1910 κ
702 1848 821 1924 βολον
840 1846 921 1927 κθρής
938 1847 1021 1922 ἴσως,
1040 1868 1135 1929 quum
1153 1846 1355 1909 meminissem
1372 1822 1376 1829 ¹

271 1967 390 2042 poetam
415 1957 545 2022 subinde
569 1959 619 2042 (cf.
646 1964 743 2040 1268)
760 1961 909 2025 δνσκεῖν
926 1960 1037 2024 dixisse
1059 1983 1113 2044 pro
1129 1960 1254 2038 ρ’θπτενν,
1273 1961 1356 2022 venit

271 2072 303 2134 in
327 2079 457 2135 mentem
483 2093 519 2133 an
541 2070 618 2136 forte
635 2081 723 2155 poeta
740 2072 789 2136 hic
805 2073 924 2137 dedisse
941 2073 1109 2137 censendus
1126 2075 1180 2136 sit:
1198 2049 1356 2148 δίσκήριή

271 2207 321 2249 που
351 2184 486 2261 γυναικὸς
517 2185 656 2260 ἕνενθρήν
680 2185 755 2255 ἴσως.
789 2186 834 2248 of.
857 2185 967 2252 Troad.
996 2190 1096 2262 1121,
1120 2186 1174 2250 ubi
1202 2187 1358 2263 δθσκνρκα

273 2298 387 2361 dicitur
412 2300 564 2380 Astyanax
589 2296 626 2360 de
650 2299 727 2361 turri
751 2299 898 2363 deiectus.

317 2389 389 2474 326.
413 2408 584 2482 ήσκήσαν
608 2411 745 2486 πέπλοις,
771 2412 789 2475 i.
814 2435 838 2475 e.
862 2409 1057 2486 κεκθσρσήονα,
1084 2420 1120 2474 ut
1142 2412 1176 2475 lo
1192 2411 1358 2494 respondet

274 2523 469 2601 κοσραοθμεθα.
505 2522 550 2587 Of.
583 2524 621 2587 ad
654 2528 718 2587 980
744 2547 786 2608 sq.
809 2524 918 2588 Troad.
947 2528 1028 2588 1023
1053 2525 1101 2589 σον
1124 2524 1215 2600 δέμας
1240 2524 1356 2599 ε’ἒήλθες

275 2639 451 2713 ἀσκήσασα,
488 2637 553 2701 Alc.
591 2617 651 2700 161
688 2641 834 2717 εὐπρεπῶς
871 2641 1035 2714 ἠσκήσατο,
1070 2638 1139 2702 Hel.
1174 2637 1358 2715 1379σαμ’

274 2748 371 2821 θπλας
395 2753 558 2831 ήσκήσατο,
584 2759 653 2815 cett.
724 2775 731 2792 ‘

320 2867 393 2927 328.
427 2863 522 2946 ᾖξας
558 2866 612 2936 εἰς
649 2866 817 2942 ἔρευναν.
854 2864 899 2928 Of.
935 2865 1014 2928 infra
1047 2867 1118 2930 sla.
1151 2864 1261 2927 Electr.
1295 2867 1358 2925 844

274 2977 368 3059 ήξαν
392 2980 431 3048 εἰς
457 2979 527 3058 δθρν.
563 2978 673 3042 Forma
697 2977 780 3042 verbi
804 2978 919 3054 soluta,
945 2987 1084 3063 correpta
1109 2979 1205 3062 prima
1226 2977 1358 3061 syllaba,

190 3161 192 3165 ,
275 3114 351 3175 quae
383 3091 420 3155 ab
451 3093 544 3174 epicis
579 3092 759 3175 plerumque
791 3091 989 3176 producitur,
1014 3092 1166 3175 reperitur
1189 3093 1219 3153 in
1245 3090 1359 3154 melicis

275 3211 412 3279 tantum,
443 3204 535 3289 idque
561 3214 690 3287 perraro.

321 3320 394 3381 3⁴29.
425 3316 486 3397 ἔχω
518 3319 592 3396 γὰρ
615 3319 675 3382 κπὲ.
710 3317 817 3382 Mente
840 3319 1046 3402 supplendum
1071 3341 1086 3380 e
1111 3317 1242 3380 Greiisae
1266 3339 1360 3402 quae-

275 3431 388 3493 stione:
413 3452 489 3494 non
507 3431 595 3495 feci.
619 3433 664 3494 De
681 3431 738 3496 hoc
759 3432 895 3516 clliptico
917 3455 975 3495 usu
998 3431 1122 3494 voculae
1141 3431 1201 3510 νήρ
1214 3431 1251 3495 cl.
1263 3431 1360 3494 multe

276 3543 414 3626 exempla
437 3543 565 3606 collecta
588 3566 604 3606 a
630 3545 788 3609 Dindorllo
812 3546 842 3607 in
862 3546 957 3608 lexico
974 3544 1160 3628 Sophocleo,
1179 3565 1246 3627 pag.
1265 3546 1306 3605 90
1325 3543 1359 3607 B.

322 3660 395 3720 831.
419 3656 465 3719 De
489 3656 610 3720 Yxemii
634 3658 758 3742 quidem
783 3659 993 3721 emendatione
1018 3659 1092 3740 quin
1116 3678 1186 3719 vera
1203 3657 1256 3734 sit,
1273 3655 1358 3719 dubi·

276 3771 336 3833 tari
366 3792 427 3833 non
460 3792 547 3855 posse
580 3771 714 3846 videtur,
748 3771 800 3834 sed
832 3779 933 3834 tamen
964 3772 1098 3844 mireris,
1126 3790 1186 3854 quo
1212 3769 1278 3832 iure
1302 3769 1358 3831 Ion

275 3892 434 3968 expectare
470 3886 565 3967 possit
598 3885 756 3949 mulierem
793 3885 893 3963 illam,
927 3906 1016 3968 quam
1050 3882 1165 3946 Oreiisa
1191 3892 1357 3957 memorat,

276 3999 378 4082 ipsum
411 3997 581 4061 adiuturam
615 4021 678 4061 esse
710 3999 741 4060 in
774 3999 892 4080 generis
923 3999 971 4060 sui
1000 3997 1117 4080 origine
1140 3995 1359 4078 investiganda.

279 4110 349 4174 Nisi
372 4112 469 4187 fallor,
495 4111 580 4174 nulla
605 4111 717 4175 aliare
741 4113 800 4174 ista
824 4111 995 4195 expectatio
1019 4110 1077 4172 niti
1097 4108 1298 4171 existimanda
1314 4123 1360 4171 est

277 4248 367 4310 quam
392 4225 464 4308 hac,
488 4225 571 4308 quod
596 4225 731 4288 mulieris
754 4225 869 4288 mentio
886 4247 903 4286 a
919 4224 1035 4287 Oreitsa
1051 4222 1259 4286 subiciebatur
1274 4222 1359 4286 Ionis

277 4338 436 4424 querelae,
460 4361 491 4401 se
516 4339 599 4400 omni
622 4360 722 4402 carere
746 4336 869 4402 indicio.
896 4337 976 4399 Male
1000 4345 1101 4400 autem
1126 4344 1246 4419 praeter
1262 4327 1360 4399 celera
