3112 4914
237 365 299 428 166
650 383 901 430 commonuimus

233 579 402 660 fragmento
434 581 515 641 508:
540 580 556 652 ἡ
581 577 606 640 δ’
628 575 673 658 όοό
695 579 724 640 ἐν
747 576 838 656 σκότῳ
860 577 991 641 uastata
1014 602 1054 654 με
1078 576 1168 641 ἔτοονό
1192 578 1314 657 Ἐρινύς.
1431 642 1434 648 ,

233 690 315 754 Hinc
338 699 384 753 est
407 690 460 754 ubi
486 691 610 754 verbum
634 692 785 774 significet
810 692 995 755 excitare
1020 701 1168 754 metum
1188 714 1230 755 ac
1247 691 1319 754 sol·

234 805 515 881 licitudinem,
547 815 582 868 ut
605 805 694 870 Rhea.
720 809 760 867 55
785 807 914 870 ονοόνεν
942 809 975 882 μ’
998 806 1115 885 ἔννυχος
1139 806 1313 886 Φονκτωρόον.
1388 870 1390 874 .

233 916 279 982 Os.
304 917 414 981 Blomf.
438 918 536 982 Gloss.
563 919 674 982 Aesch.
699 919 780 1003 Sept.
798 923 873 984 379.
898 919 981 983 Haec
998 921 1093 1004 igitur
1109 920 1194 985 verbi
1210 932 1319 984 natura

234 1051 280 1091 me
304 1030 415 1105 movit,
435 1037 468 1092 ut
485 1031 683 1093 necessariam
703 1031 870 1094 iudicarem
891 1030 1096 1095 Heimsoethii
1110 1032 1317 1096 coniecturam

233 1142 420 1227 propositam
444 1143 526 1207 Kru
550 1144 636 1209 Stud.
662 1166 731 1227 pag.
749 1147 811 1206 382
833 1147 883 1209 τόν
898 1146 957 1224 νόον
974 1143 1006 1221 μ’
1023 1147 1141 1224 ἔοννε,
1157 1145 1219 1207 uisi
1234 1143 1318 1226 quod

234 1256 414 1320 servandum
446 1256 521 1319 duxi
552 1279 693 1341 praesens
724 1259 830 1334 τοιόνεν,
865 1281 919 1343 pro
952 1281 1013 1342 quo
1046 1266 1163 1342 pugnat
1187 1279 1318 1342 sequens

234 1371 446 1434 subiunctivus
478 1372 544 1452 ixa.
579 1369 651 1434 Non
684 1372 761 1435 male
792 1394 890 1456 nuper
918 1371 1078 1435 Wecklein
1103 1373 1123 1436 l.
1141 1371 1160 1436 l.
1183 1394 1211 1455 p.
1236 1375 1317 1436 400:

233 1485 331 1562 ότοόο
355 1509 394 1562 με
418 1485 517 1548 τοοόνεν.

268 1600 352 1678 692.
380 1597 443 1677 ἔχει
466 1597 545 1662 δόλον
569 1598 699 1677 τόχοον
724 1600 737 1662 ό
761 1606 832 1670 τοῖς
854 1597 858 1685 Ι
879 1597 977 1664 όόλλονν
1001 1599 1125 1680 τραφεὶς
1147 1601 1205 1678 ἀφ’
1230 1593 1319 1675 aiaci-

233 1735 297 1774 τον.
332 1709 433 1773 Locus
466 1710 546 1773 varie
576 1717 723 1774 tentatus.
758 1710 868 1774 Nauck
901 1711 938 1774 da
963 1733 1018 1774 sua
1041 1712 1217 1774 coniectura
1239 1710 1319 1774 δόλον

236 1821 364 1885 mutavit
394 1822 425 1884 in
456 1821 565 1898 δόμων,
599 1821 779 1884 Heimsoeth
810 1823 971 1907 proposuit
998 1826 1089 1903 όχλεῖ
1108 1823 1195 1898 δόμον
1216 1821 1319 1900 τόχνον

235 1943 265 1997 et
296 1935 375 2018 (sine
399 1936 504 2018 causa)
535 1937 655 2014 φοονεό
662 1963 676 2007 ς
706 1958 760 2019 pro
784 1939 926 2014 τοοοφεός,
951 1936 1034 2020 quod
1058 1959 1076 2000 a
1099 1934 1222 2020 tragicis
1246 1932 1320 2017 poni

235 2049 312 2133 solet
343 2072 397 2133 pro
427 2051 554 2125 γεγονός
583 2049 666 2113 haud
698 2073 784 2114 secus
814 2072 848 2113 ac
872 2060 1012 2114 cretus
1037 2074 1054 2113 a
1078 2051 1175 2135 poetis
1199 2048 1318 2112 Latinis
1417 2110 1419 2113 .

235 2187 289 2248 pro
312 2172 442 2228 natus.
479 2164 523 2226 Of.
553 2188 579 2228 v.
605 2188 630 2229 c.
655 2164 747 2248 Soph.
771 2164 851 2227 Phil.
879 2168 907 2229 3.
941 2164 979 2228 In
1015 2163 1198 2228 Nauckiana
1221 2187 1319 2228 emen·
1425 2186 1427 2189 ·

234 2278 356 2341 datione
391 2279 454 2357 ἔχει
487 2278 711 2362 (impediti)
749 2279 839 2341 nimis
872 2278 1035 2342 obscurum
1067 2289 1121 2344 est.
1157 2279 1223 2362 Ego
1248 2279 1319 2341 dedi

233 2392 317 2475 quod
350 2392 422 2455 olim
455 2393 619 2476 proposui,
645 2391 702 2454 hac
726 2393 892 2454 sententia:
918 2392 1040 2455 habet
1064 2392 1197 2456 dolum
1223 2392 1319 2454 arti-

230 2504 462 2588 ficiumque
487 2527 585 2589 puer
608 2527 652 2569 ex
675 2504 813 2568 alieno
838 2507 1040 2588 sanguine
1063 2515 1218 2580 cretus,
1248 2505 1266 2568 i.
1291 2527 1317 2568 e.

235 2620 314 2683 dolis
338 2620 537 2702 artificiisque
561 2642 635 2682 usus
659 2626 705 2682 ast
729 2618 868 2694 Xuthus,
895 2641 956 2701 quo
980 2642 1072 2703 puer,
1098 2642 1187 2702 quem
1206 2641 1221 2682 e
1237 2641 1318 2702 pere·

231 2735 318 2817 guina
348 2734 450 2797 nescio
478 2756 538 2818 qua
568 2733 696 2795 muliere
728 2734 878 2816 suscepit,
905 2733 963 2797 sibi
990 2756 1007 2794 a
1031 2733 1097 2796 Deo
1121 2725 1242 2796 scilicet¹
1260 2740 1319 2796 tra·

232 2845 362 2910 deretur.
390 2846 508 2908 Chorus
533 2845 614 2929 quod
637 2846 768 2928 primum
792 2846 941 2929 suspicari
965 2868 996 2908 se
1020 2846 1099 2910 dixit
1124 2848 1176 2928 (τόν
1199 2846 1257 2927 γάρ
1277 2871 1317 2923 με

230 2962 321 3024 calva
339 2960 476 3040 όόνφοοτοο
496 2960 538 3035 μή
560 2957 611 3022 τνν’
635 2960 692 3039 ἔχν
716 2958 826 3043 δόλον),
852 2959 961 3023 deinde
985 2970 1130 3045 reputans
1154 2959 1315 3023 oraculum

231 3096 295 3136 esse
319 3064 410 3136 nimis
434 3072 599 3135 absurdum
625 3071 747 3154 (ότοτον
767 3073 826 3151 νόον
843 3070 975 3158 όοτοτον),
993 3095 1077 3137 nuuc
1093 3075 1180 3157 ponit
1203 3083 1238 3137 ut
1254 3095 1318 3138 cer-

230 3188 399 3261 tissimum,
433 3185 547 3249 addens
575 3185 619 3256 τός
642 3188 673 3250 οὐ
696 3186 768 3250 τόδε
791 3184 970 3262 ξυνοίσετννς
997 3186 1171 3269 quisnam
1196 3186 1233 3248 in
1258 3186 1316 3248 his

231 3313 307 3363 non
346 3300 568 3362 conveniet
603 3297 841 3362 nobiscum?
880 3308 915 3360 ut
950 3305 1030 3361 recte
1066 3297 1214 3382 explicuit
1249 3321 1316 3362 oum

233 3412 433 3476 Wakefieldio
457 3411 581 3475 Seidler.
605 3412 808 3496 Posteaquam
833 3412 876 3475 sic
899 3412 1109 3475 ratiocinando
1133 3412 1224 3496 plane
1246 3411 1318 3475 sibi·

232 3538 292 3589 met
326 3527 385 3610 ipsi
420 3527 572 3609 persuasit
602 3525 745 3589 Xuthum
776 3527 947 3610 corrupisse
970 3525 1128 3608 Pythiam,
1157 3525 1316 3609 aptissime

231 3651 402 3723 sequuntur
436 3639 490 3703 illa
521 3641 615 3724 (695)
649 3637 754 3721 φίλοιν,
788 3639 884 3717 πότερ’
914 3642 975 3722 ἐμᾷ
998 3639 1133 3721 δεττοόνοι
1157 3641 1218 3706 κτὲ.
1255 3639 1316 3704 Pro

229 3765 496 3820 Tsxnnouarc
519 3755 614 3836 igitur
634 3754 705 3818 dedi
728 3744 1037 3832 ressuscitare,
1054 3753 1136 3837 quod
1152 3775 1235 3817 nune
1252 3775 1316 3837 par-

231 3871 286 3932 tim
310 3869 506 3932 confirmatur
529 3867 688 3952 Vollgraffi
709 3869 768 3930 mei
793 3867 963 3932 collatione.
988 3866 1203 3931 Of.ad11.crit.
1221 3866 1316 3950 Saepe

230 3984 310 4063 τόχν
335 3992 364 4047 et
387 3984 478 4063 τέχνν
503 4006 521 4045 a
543 3981 649 4046 scribis
673 3981 833 4056 confundi,
859 3983 949 4065 pauci
972 3983 1124 4064 ignorant.
1238 3976 1240 3981 ’

278 4101 349 4161 695.
381 4097 536 4161 Incertum
570 4109 616 4159 est
650 4103 753 4160 utrum
785 4095 835 4158 hic
862 4096 965 4176 τοτνόοο
999 4117 1068 4158 cum
1105 4094 1316 4158 Heimsoethio

230 4210 438 4294 reponendum
471 4212 511 4272 sit
543 4232 597 4294 pro
631 4210 766 4290 δεοτοόνοι
795 4209 890 4292 (quod
914 4209 997 4272 illius
1023 4216 1123 4292 potest
1147 4229 1212 4271 esse
1235 4207 1317 4291 glos-

230 4326 343 4409 sema),
369 4347 407 4387 an
431 4325 462 4387 iu
488 4347 529 4387 vs.
555 4323 712 4406 strophico
738 4324 800 4385 576
833 4343 902 4385 cum
928 4321 1087 4385 Dindorfio
1111 4322 1253 4403 τενόόρενο
1277 4322 1317 4388 sit
