3112 4914
264 374 327 440 108
681 399 935 444 oounnnrnarus.

308 593 381 656 261.
405 590 525 657 Vocula
548 593 577 657 δέ
601 600 671 680 post
694 600 735 670 νῆ
759 593 832 679 poni
857 562 974 678 potuit,
1000 595 1072 678 quia
1095 594 1201 675 πντρὶς
1225 604 1266 672 νῆ
1288 619 1349 659 una

263 714 309 771 est
332 708 427 772 notio.
463 707 615 773 Videatur
651 727 788 775 nruuoun
811 708 885 774 Lex.
910 709 1003 794 Soph.
1027 732 1094 794 pag.
1120 711 1181 774 109
1202 711 1237 774 Α.
1261 710 1348 773 Idem

262 820 344 885 valet
367 821 404 885 de
428 824 646 906 particulare.

308 939 382 1002 262.
405 945 589 1015 νεννννῖος
613 939 671 1002 etsi
695 938 875 1022 plerumque
891 938 929 1003 ad
950 939 1044 1003 animi
1061 939 1194 1002 indolem
1213 946 1347 1023 spectat,

262 1051 345 1114 haud
379 1074 447 1116 raro
483 1053 609 1137 ponitur
640 1075 695 1138 pro
730 1054 869 1135 εὐγενής,
907 1060 938 1117 et
969 1053 1111 1126 similiter
1141 1055 1265 1129 ἀγεννής
1294 1076 1348 1138 pro

260 1163 411 1242 δυσγενής.
456 1166 586 1245 Poetae,
618 1176 711 1252 prout
742 1175 873 1231 metrum
904 1168 1059 1251 postulat,
1083 1169 1149 1231 sine
1173 1168 1350 1232 discrimine

261 1287 395 1344 utuntur
425 1281 531 1345 formis
558 1283 667 1358 νὲνενής
691 1291 721 1345 et
743 1283 877 1360 ἀγεννής.
915 1281 1106 1346 Adverhium
1128 1283 1255 1358 νένεννῶς
1279 1305 1350 1345 nus·

261 1415 350 1477 quam
382 1394 555 1459 adhibitum
586 1397 737 1480 reperitur
758 1396 825 1460 ‘sinc
849 1396 1020 1480 negatione.
1060 1394 1118 1460 On>
1136 1396 1290 1461 Heindorf
1311 1396 1349 1460 ad
1439 1394 1441 1398 ’

261 1507 417 1572 Charmid.
441 1532 470 1593 p.
484 1513 559 1572 rte
578 1508 611 1575 O.

307 1624 380 1686 264.
412 1622 446 1699 γ’
476 1624 725 1709 εὐτυχοῦμεν
755 1623 875 1688 dudum
907 1631 977 1688 ante
1009 1622 1187 1689 Nauekium
1219 1625 1349 1689 coniecit

262 1735 443 1820 Musgrave,
466 1737 518 1800 cui
541 1737 638 1822 igitur
661 1759 751 1801 suum
777 1736 898 1800 reddidi
922 1737 952 1800 in
978 1737 1048 1801 adn.
1074 1739 1140 1802 crit.

308 1852 381 1915 266.
405 1850 443 1914 In
466 1849 616 1916 librorum
639 1851 770 1914 lectione
791 1850 900 1915 mirum
922 1860 1072 1935 quantum
1090 1851 1239 1935 languent
1256 1851 1347 1916 verba

260 1965 397 2039 ἐκμαθεῖν
420 1964 510 2041 θέλω,
535 1987 629 2049 quare
652 1964 838 2029 lenissimam
863 1965 972 2029 admisi
997 1964 1132 2029 Nauokii
1156 1964 1344 2030 emendatio·

261 2100 347 2158 nem3
371 2084 408 2142 ut
430 2079 570 2143 librarios
594 2078 763 2163 neglexisse
787 2087 929 2162 putemus
955 2079 1114 2155 lineolam,
1140 2102 1200 2162 qua
1216 2078 1346 2143 indicari

261 2192 339 2256 solet
363 2192 449 2257 litera
470 2201 509 2258 N.
533 2192 591 2256 Sed
616 2215 677 2257 non
699 2202 832 2277 expnto,
855 2215 909 2256 eur
925 2193 1022 2256 eidem
1040 2200 1181 2276 suspecta
1198 2193 1238 2255 sit
1254 2193 1346 2256 lectio

261 2327 304 2373 vs.
329 2311 411 2385 268,
436 2309 468 2372 in
494 2329 555 2392 quo
578 2330 640 2372 non
665 2315 710 2372 est
735 2308 843 2372 umbra
866 2308 1067 2373 difficultatis.
1098 2307 1143 2372 Ut
1166 2309 1246 2372 enim
1263 2316 1350 2373 auto·

261 2422 409 2487 chthonia
439 2424 470 2487 in
503 2445 612 2509 magno
641 2423 756 2487 honore
781 2421 953 2508 ponebatur
977 2444 995 2485 a
1018 2421 1160 2497 Graecis,
1185 2423 1228 2486 ita
1252 2423 1348 2487 maius

262 2536 338 2601 nihil
363 2544 484 2622 poterat
506 2537 652 2621 cogitari,
674 2559 766 2620 quam
787 2537 813 2600 si
832 2537 884 2600 cui
903 2545 1010 2600 atavus
1032 2543 1111 2599 esset
1130 2557 1167 2599 ex
1188 2536 1253 2620 ipsa
1269 2543 1349 2600 terra

261 2650 423 2730 oriundus3
448 2651 552 2734 itaque
574 2650 640 2714 iure
664 2649 827 2735 respondet
851 2640 984 2712 Orefisa:
1010 2648 1074 2712 sed
1098 2647 1154 2712 nil
1170 2671 1226 2712 me
1243 2650 1350 2713 iuvat

261 2764 424 2849 generis
448 2765 530 2827 ista
552 2762 759 2842 nobilitas,
783 2763 921 2848 cogitans
942 2771 1052 2826 sortem
1072 2783 1157 2825 suam
1174 2761 1347 2837 infelicem,

261 2900 322 2961 qua
355 2900 485 2962 puerum
524 2885 702 2961 susceptum
738 2900 774 2941 ex
804 2877 950 2960 Apolline
981 2877 1122 2940 amiserat
1171 2877 1213 2940 ita
1246 2883 1348 2939 tamen

260 2992 378 3069 locuta,
403 2998 438 3054 ut
461 2990 497 3054 Io
522 2991 633 3055 referre
657 2992 754 3075 possit
770 2991 807 3055 ad
825 2990 1001 3066 orbitatem,
1022 2988 1061 3053 ob
1080 3011 1185 3073 quam,
1204 3001 1238 3052 nt
1256 2989 1347 3053 multi

262 3105 331 3182 alii,
355 3104 393 3168 ad
418 3103 575 3168 oraculum
600 3127 632 3168 se
655 3104 854 3180 contulisset,
879 3110 932 3168 aut
957 3103 1046 3167 aliam
1072 3124 1193 3166 eausam
1219 3101 1349 3185 quamli-

260 3219 329 3297 bet3
361 3240 455 3302 quare
486 3217 659 3281 mirandum
684 3240 745 3281 non
770 3226 815 3280 est
839 3218 945 3282 Ionem
971 3215 1094 3280 fabulae
1118 3216 1171 3279 isti
1193 3215 1348 3279 intentum
1429 3296 1432 3301 .

261 3332 338 3396 nihil
365 3331 403 3394 ad
427 3332 500 3394 haee
526 3330 616 3394 verba
637 3330 831 3415 respondere.
856 3330 1000 3394 Ceterum
1024 3337 1232 3413 spectatorum
1249 3328 1348 3411 magis

262 3466 353 3528 quam
384 3444 614 3508 interlocutoris
642 3444 689 3507 sui
714 3445 813 3528 gratia
836 3444 889 3507 illa
912 3443 1012 3507 dicere
1036 3441 1182 3506 Oreiisam
1208 3442 1349 3505 manifes-

262 3565 325 3622 tum
360 3566 414 3622 est.
450 3557 500 3620 Ad
531 3580 621 3622 usum
655 3557 780 3621 voculae
803 3580 841 3633 pa
864 3557 896 3619 in
920 3555 1073 3640 responsis
1096 3554 1135 3618 cf.
1161 3555 1241 3630 270,
1267 3557 1347 3630 272,

233 3698 236 3704 <
263 3673 345 3754 295,
371 3674 434 3734 298
459 3679 530 3735 cett.
554 3681 584 3735 et
609 3692 686 3754 quae
711 3670 815 3734 notavi
841 3669 880 3733 ad
896 3668 974 3734 Ocd.
992 3691 1062 3753 pag.
1082 3672 1153 3732 199.
1178 3666 1258 3731 Vide
1270 3668 1348 3731 infra

261 3784 298 3849 ad
324 3788 398 3849 295.

309 3901 382 3964 267.
415 3899 460 3963 De
491 3898 618 3962 historia
646 3896 844 3961 Erichthonii
868 3896 1018 3961 videndus
1044 3894 1253 3980 Apollodorus
1277 3894 1348 3970 III,

264 4015 320 4089 16,
350 4015 380 4074 6.
415 4011 603 4094 Genealogia
634 4011 677 4074 sie
709 4033 741 4074 se
773 4009 874 4074 habet.
910 4009 1131 4074 Erichthonius
1158 4008 1347 4072 Pandionem

262 4125 386 4210 genuit,
418 4124 557 4189 Pandion
586 4124 804 4209 Erechtheum,
830 4124 1021 4189 Erechtheus
1046 4123 1199 4188 Creiisam.
1224 4121 1348 4188 Mosen.

262 4239 347 4302 Haec
377 4219 484 4323 regum
515 4239 691 4303 Atticorum
718 4238 870 4302 successio
902 4243 919 4302 l
955 4237 1088 4322 Cecrops
1121 4237 1139 4301 I
1165 4236 1348 4320 Aegyptius.

263 4356 282 4414 2
315 4349 459 4418 Cranaos.
494 4355 514 4416 6
542 4352 761 4436 Amphictyon.
797 4354 817 4413 4
843 4349 1075 4415 Erichthonius.
1115 4354 1132 4414 5
1157 4349 1297 4414 Pandion
1321 4349 1347 4413 Ι.
