3112 4914
99 364 106 379 ⁴
208 396 240 438 v1
654 398 837 442 ruaarasro.

208 591 319 655 chorus
344 590 551 675 Sophoclem,
577 593 629 655 sed
654 603 761 656 contra
785 595 1011 678 conspirantem
1036 619 1106 660 cum
1131 597 1219 660 malis
1242 599 1297 661 ad-

208 725 311 767 versus
337 704 432 766 bonos
456 714 486 766 et
518 707 681 768 carmina
705 705 849 769 medios
874 719 983 771 actus
1007 709 1294 774 intercinentem

207 819 400 900 proposito
425 817 548 900 quidem
574 819 829 884 conducentia
853 815 1016 904 apteque
1038 822 1295 899 haerentia-

206 930 290 1014 quod
322 954 384 994 non
414 932 451 995 de
484 931 628 996 omnibus
661 923 756 1017 aeque
788 935 868 997 valet
900 936 1013 999 fabulis
1046 937 1222 1023 Euripideis
1251 976 1295 988 -

206 1069 300 1139 eaque
325 1047 430 1108 suavia
453 1047 576 1129 quidem
602 1047 701 1111 hercle
725 1057 816 1130 atque
839 1050 1000 1126 iucunda,-
1020 1061 1218 1114 veruntamen
1237 1075 1290 1115 neo

205 1160 425 1224 sententiarum
451 1160 512 1223 siv'e
536 1162 675 1225 acumine
701 1163 763 1224 sive
785 1163 932 1244 gravitate
948 1186 1003 1226 nec
1021 1162 1183 1227 verborum
1200 1164 1294 1243 subli-

206 1275 311 1337 mitate
331 1281 361 1336 et
380 1273 648 1356 grandiloquentia
669 1274 755 1338 valde
773 1275 952 1360 conspicua3
971 1276 1118 1340 habemus
1136 1277 1293 1360 dialogum

206 1388 312 1451 multis
344 1388 466 1470 quidem
500 1388 575 1475 locis
609 1411 733 1472 prorsus
764 1389 937 1472 egregium,
973 1389 1057 1451 velut
1090 1388 1142 1452 ubi
1167 1390 1293 1453 Xuthus

206 1512 275 1586 post
299 1510 456 1585 acceptum
482 1502 639 1564 oraculum
664 1503 761 1565 filium
786 1525 816 1571 se
841 1525 930 1565 suurn
955 1524 1119 1585 agnoscere
1140 1505 1292 1587 opinatur,

206 1624 260 1678 aut
284 1615 338 1678 ubi
362 1615 418 1677 Ion
444 1611 570 1678 matrem
596 1616 814 1678 interfecturus
839 1617 904 1678 eius
928 1613 1085 1698 agnitione
1103 1640 1119 1679 a
1136 1619 1293 1700 proposito

205 1728 344 1804 desistit,
370 1730 492 1813 saepius
517 1736 619 1792 tamen
641 1751 702 1791 nou
720 1728 848 1791 liberum
867 1729 904 1791 ab
922 1729 976 1792 illa
991 1730 1184 1814 garrulitate,
1201 1753 1291 1813 quam

206 1845 315 1907 merito
340 1845 505 1927 exagitavit
530 1844 716 1906 comicorum
743 1843 898 1926 princeps3
924 1864 1001 1925 qua,
1029 1844 1147 1907 etiamsi
1163 1842 1292 1907 subinde

168 1961 170 1963 ’
205 1980 251 2020 res
284 1958 364 2021 scitu
396 1957 479 2020 haud
511 1955 653 2040 indignas
683 1979 700 2019 a
728 1963 817 2038 poe'ta
842 1964 1026 2039 spectatores
1050 1956 1233 2033 doceantur,
1258 1958 1293 2020 fit

204 2077 306 2134 tamen
339 2079 374 2132 ut
405 2071 576 2134 ret-ardetur
608 2070 703 2145 actio,
734 2069 839 2151 itaque
862 2069 995 2152 graviter
1019 2080 1163 2152 peccetur
1186 2077 1293 2134 contra

205 2192 299 2247 artem
324 2183 530 2248 dramatieam.
561 2184 692 2246 Iuduxit
717 2192 872 2266 praeterea
895 2192 985 2266 poeta
1009 2206 1091 2246 more
1111 2206 1168 2246 suo
1187 2183 1292 2247 Ionem

205 2295 300 2360 libere
317 2298 542 2380 vituperantem
559 2296 693 2358 actiones
707 2296 734 2380 l)
748 2305 777 2358 et
790 2295 933 2359 instituta
945 2296 1070 2359 deorum
1084 2297 1135 2381 (cf.
1149 2300 1212 2359 436
1227 2320 1292 2381 sqq.
1363 2369 1364 2372 Ἴ

205 2417 235 2471 61
260 2412 345 2472 1315
360 2410 457 2493 sqq),
484 2409 677 2492 eundemque
702 2408 968 2493 philosophantem
994 2410 1055 2472 sive
1074 2411 1177 2494 potius
1196 2410 1293 2474 decla-

136 2609 138 2613 y
204 2532 337 2613 mantem
363 2523 399 2586 de
425 2523 487 2585 vita
511 2522 637 2605 politica
661 2523 741 2605 apud
761 2522 965 2585 Athenienses
981 2523 1114 2586 invidiae
1131 2531 1159 2586 et
1177 2545 1293 2587 aerum·

203 2660 310 2701 narum
344 2636 520 2720 plenissima
546 2635 645 2721 deque
678 2637 786 2699 misera
818 2645 1017 2719 tyrannorum
1049 2644 1130 2700 sorte
1147 2637 1293 2719 ‘pruden-

203 2758 265 2821 tius
298 2779 393 2841 paene
425 2778 459 2819 ac
491 2757 623 2848 peritius⁸
644 2777 734 2838 quam
760 2754 797 2818 ab
822 2755 936 2818 heroici
960 2740 1025 2817 aevi
1050 2755 1233 2817 adolescenti
1260 2755 1290 2817 in

203 2872 312 2956 templi
344 2868 487 2953 Delphici
517 2868 625 2932 umbra
649 2868 759 2931 humili
784 2877 814 2931 et
838 2868 940 2931 servili
961 2868 1138 2930 conditione
1162 2867 1291 2930 educato

203 2985 356 3069 expectari
377 2984 492 3068 possit,
514 2983 586 3045 licet
607 2982 680 3045 alibi
696 2983 729 3045 in
746 2981 804 3044 hoc
820 3003 930 3065 genere
948 3003 964 3042 a
980 2992 1071 3064 poeta
1087 2983 1209 3064 gravius
1226 3003 1291 3063 pec·

201 3105 304 3163 catum
321 3121 385 3161 esse
402 3097 490 3161 facile
506 3096 678 3179 largiamur.
706 3095 930 3178 Philosophum
948 3094 1081 3177 denique
1098 3095 1291 3178 agnoscimus

203 3236 258 3276 vss.
279 3217 358 3288 372,
384 3216 462 3287 382,
485 3212 547 3274 391
564 3233 629 3293 sqq.
649 3211 728 3286 542,
749 3212 813 3270 854
831 3231 888 3291 sq.,
908 3211 993 3271 1516
1011 3231 1074 3291 sq.‚
1093 3211 1292 3291 Anaxagorae

201 3325 388 3408 discipulum
401 3324 595 3406 Socratisque
607 3322 788 3405 familiarem
807 3345 849 3386 vs.
863 3324 959 3395 1061,
976 3322 1048 3384 artis
1061 3321 1290 3398 admiratorem,
1393 3330 1395 3334 ‘

201 3437 230 3503 dv
253 3445 330 3519 aaa
354 3439 403 3501 aa)
427 3438 582 3518 ζωγράφον
605 3436 754 3512 γενέσθαι,
777 3436 803 3497 61
820 3434 989 3518 biographo
1012 3435 1104 3510 tides,
1122 3434 1198 3497 locis
1214 3432 1291 3497 bene

201 3552 325 3628 multis,
347 3551 497 3634 imprimis
520 3558 622 3612 autem
646 3551 677 3611 in
695 3548 900 3632 descriptione
917 3547 1105 3610 tabernaculi
1125 3551 1207 3609 Ital
1227 3569 1291 3629 sqq.

246 3666 285 3729 In
324 3686 522 3749 personarum
562 3663 787 3726 characteribus
825 3663 977 3744 fingendis
1013 3685 1048 3724 ac
1083 3660 1291 3724 describendis

201 3779 381 3863 Euripidem
414 3778 596 3863 plerumque
620 3777 832 3860 neglegentius
857 3787 887 3838 61
911 3777 1020 3858 exigua
1043 3798 1111 3838 oum
1137 3785 1200 3838 arte
1226 3796 1291 3836 ver-

202 3903 301 3956 satum
334 3913 397 3953 6666
429 3899 549 3953 constat
581 3892 660 3952 iuter
691 3912 795 3952 omnes
825 3890 946 3952 criticos
972 3899 1033 3951 tam
1059 3880 1173 3951 veteres
1198 3909 1289 3971 quam

202 4005 401 4079 recentiores,
423 4026 522 4087 neque
546 4005 578 4066 in
604 4005 661 4066 hoc
685 4005 822 4066 dramate
846 4003 1008 4086 ethopoeia
1032 4003 1115 4065 omui
1139 4010 1183 4064 est
1201 4001 1292 4064 laude

236 4271 262 4334 1)
280 4268 367 4334 Ipsius
385 4267 519 4332 Euripidis
534 4271 645 4315 mentem
661 4281 779 4329 agnosces
798 4265 829 4313 cl.
845 4281 881 4314 vs.
895 4266 942 4313 339
955 4268 980 4312 61
991 4263 1069 4312 Herc.
1082 4264 1145 4312 Fur.
1161 4263 1222 4310 1341
1236 4278 1290 4325 sqq.

202 4359 276 4409 Adde
292 4359 396 4409 Pindar.
418 4359 459 4407 01.
477 4357 505 4417 Ι,
524 4361 554 4406 28
568 4373 635 4421 sqq„
656 4357 789 4406 Platonem
807 4356 834 4404 iu
851 4355 999 4419 Euthyphr.
1017 4370 1038 4403 c.
1057 4358 1071 4402 6
1089 4358 1115 4402 et
1132 4352 1193 4401 alibi
1210 4366 1291 4416 saepe.
