3112 4914
233 380 299 444 224
648 399 902 445 oouuuuruurus.

233 591 408 657 anuminis
435 591 511 656 dieti
534 591 607 655 olim
632 592 800 670 ‘Tagastae
827 591 930 675 (hodie
955 586 1160 673 Φλεμπούκιυ)
1184 592 1318 656 faciebat

232 713 362 791 partem,
395 706 483 770 euius
512 716 583 771 MM
616 706 727 790 pedum
752 715 797 770 est
821 706 963 770 altitudo.
997 705 1034 770 Iu
1059 727 1179 770 summo
1204 706 1317 770 vertice

233 819 324 883 hodie
353 827 414 883 stat
444 820 537 883 turris
561 827 714 884 vetustate
737 820 897 897 semiruta,
922 819 1158 901 Ἐλῳφήκιιστῳι
1183 823 1316 888 nomine.

279 935 374 998 1223.
397 936 435 998 οὐ
458 935 572 1014 ψήφῳ
595 940 675 1017 urai.
711 934 934 1019 Interpretatur
957 932 1089 998 Barnes:
1114 936 1319 999 eommuni-

231 1046 302 1111 bus
333 1047 550 1132 suffragiis,
583 1070 653 1111 nou
687 1070 759 1110 uno
791 1055 936 1111 tantum
961 1047 1116 1112 oaloulo.
1158 1046 1219 1112 Sed
1242 1048 1318 1112 huie

231 1160 334 1223 sensui
357 1161 499 1224 convenit
522 1161 631 1225 melius
653 1161 747 1241 ψήφῳ
770 1166 827 1242 μιᾷ
853 1160 919 1223 sine
935 1159 1105 1244 negatione.
1137 1159 1313 1224 Videndum

232 1295 270 1336 an
302 1271 363 1355 legi
393 1273 505 1357 possit,
538 1282 574 1337 ut
605 1272 747 1336 Reislrius
780 1272 968 1357 emendavit,
992 1274 1021 1337 ἕν
1044 1274 1137 1355 ψήφῳ
1160 1280 1235 1356 μιᾷ,
1264 1273 1316 1338 uhi

231 1388 261 1450 ἕν
295 1385 497 1463 redundabit,
534 1394 570 1449 ut
604 1388 634 1449 in
671 1387 774 1471 phrasi
809 1389 838 1451 ἐν
867 1396 965 1458 λιταῖς
996 1386 1126 1450 Philoet.
1159 1390 1210 1452 61.
1246 1395 1317 1452 cett.

232 1496 356 1561 Muses.
378 1497 487 1562 Aesoh.
510 1497 615 1582 Sappl.
640 1501 704 1561 943
729 1498 786 1575 ala
809 1499 911 1581 ψήφις
934 1497 1098 1579 κέκρανται.

282 1615 376 1676 1224.
401 1611 449 1676 τὸν
472 1611 551 1690 ἱερὸν.
587 1611 760 1675 Damnatus
783 1634 845 1676 nou
869 1619 990 1676 tantum
1014 1612 1131 1690 caedis,
1156 1612 1209 1676 sed
1225 1612 1317 1676 simul

231 1724 398 1810 impietatis
410 1751 419 1803 3
458 1748 529 1789 nam
569 1725 679 1809 impios
718 1734 748 1788 et
787 1725 950 1809 sacrilegos
989 1725 1157 1809 Delphicus
1193 1734 1318 1790 senatus

232 1839 397 1904 iudicabat.

281 1955 375 2018 1226.
413 1952 524 2017 Versus
555 1961 602 2017 est
634 1953 878 2037 pulcherrimus,
902 1955 990 2016 ouius
1016 1953 1075 2017 vim
1100 1962 1131 2016 et
1155 1953 1317 2017 efficaciam

232 2088 280 2131 me
314 2065 417 2130 iudice
452 2089 513 2130 non
547 2089 654 2150 parum
690 2068 835 2150 frangunt
865 2067 928 2131 duo
952 2089 1010 2131 vss.
1035 2074 1214 2150 sequentes,
1240 2089 1317 2150 quos

232 2179 455 2264 interpretandi
485 2180 581 2244 libido
610 2203 714 2244 vereor
737 2203 775 2245 ne
798 2181 956 2246 invexerit.
991 2179 1037 2245 of.
1069 2183 1237 2264 Versluqea
1261 2179 1317 2259 IV,

233 2300 263 2377 2,
288 2316 317 2377 p.
343 2296 415 2358 172.

280 2411 373 2474 1227.
397 2408 544 2472 ἐλθοῦσ’
568 2407 623 2478 εἰς
648 2409 732 2487 ἔρον.
751 2407 954 2494 interpolator
976 2406 1096 2472 dedisse
1120 2410 1242 2473 ridetur
1263 2429 1317 2491 pro

232 2523 441 2600 ἐπιθυμήσασαι
454 2529 485 2584 et
496 2518 696 2603 probabiliter
708 2521 830 2605 scripsit
843 2521 957 2599 Φοίβου,
970 2528 1005 2585 ut
1017 2521 1149 2586 oonieait
1159 2521 1317 2586 Matthiae.

233 2636 283 2700 Ita
305 2644 406 2700 tamen
431 2636 583 2699 sententia
606 2644 651 2698 est
675 2634 818 2699 liberos
842 2635 994 2720 cupiens
1017 2659 1035 2698 a
1058 2635 1231 2711 Phoebo,
1256 2657 1317 2698 non

51 2774 54 2778 ·
232 2750 316 2837 quod
348 2750 447 2814 dioere
481 2749 644 2814 debuerat:
670 2749 752 2830 παρὰ
776 2750 883 2828 Φοίβου
908 2748 1045 2815 πυθέσθαι
1068 2750 1240 2827 βουλομένη·
1254 2749 1316 2828 περὶ

232 2866 360 2947 raihna,
385 2873 420 2927 ut
442 2864 648 2927 looum'idem
674 2865 719 2927 vir
742 2863 851 2927 doctus
875 2865 1102 2947 iuterpretatur.
1126 2862 1236 2947 Itaque
1252 2864 1318 2946 ipsa

232 2978 365 3042 auctoris
396 2977 526 3042 infantia
548 2977 705 3040 coufirmat
729 2975 812 3060 quod
837 2998 929 3060 supra
952 2976 1136 3059 suspicabar.
1176 2980 1318 3060 Augetur

232 3092 366 3176 suspicio
384 3114 418 3156 eo
436 3091 518 3183 quod
536 3090 664 3155 nuntius
681 3089 841 3174 ignorabat
858 3088 964 3152 Iouem
982 3087 1114 3153 Oreiisae
1127 3088 1223 3152 filium
1237 3111 1316 3165 esse,
1351 3066 1353 3068 Ι

233 3205 265 3268 id
290 3216 392 3269 autem
415 3205 560 3289 ignorans
585 3225 647 3289 quo
670 3201 792 3266 taudem
817 3209 905 3285 paeto
930 3200 1029 3265 dicere
1049 3201 1151 3283 potuit
1173 3199 1207 3264 rb
1230 3205 1317 3277 rotae

231 3327 306 3399 κοινή
322 3342 379 3389 τοις
395 3318 501 3388 τέκνοις
520 3312 694 3380 alariarum?
718 3312 751 3376 Si
769 3334 838 3375 vero
854 3310 1062 3394 intellegimus
1075 3310 1175 3373 Xuthi
1187 3309 1315 3386 liberos,

231 3433 340 3496 misere
365 3430 545 3495 debilitatur
570 3430 613 3492 vis
637 3426 848 3511 oppositionis.
872 3426 922 3488 An
942 3424 1041 3507 isqui
1066 3447 1123 3488 vss.
1144 3424 1316 3507 composuit

231 3546 274 3610 sio
294 3568 345 3609 eos
366 3544 465 3608 voluit
480 3542 668 3606 intellectos:
694 3539 788 3603 Nam
804 3561 822 3602 a
836 3536 987 3601 Phoebo
1003 3536 1145 3602 liberos
1161 3538 1315 3621 cupiens

231 3682 367 3747 corpus
399 3680 506 3721 suum
538 3678 610 3719 una
639 3677 719 3718 oum
752 3652 882 3717 liberis
911 3651 1049 3715 futuris
1078 3654 1167 3733 (quos
1190 3649 1315 3713 fortasse

231 3775 305 3839 olim
330 3773 465 3858 paritura
489 3770 567 3853 erat)
590 3764 802 3852 prodidit?
834 3763 932 3828 Silent
948 3763 1146 3848 interpretes,
1165 3783 1220 3825 neo
1237 3759 1314 3825 mihi

231 4004 288 4052 dem
305 3953 399 4051 Falsen'
412 3996 465 4047 und
483 3995 541 4044 dam
557 3991 666 4043 Pleistos
681 3991 722 4054 lag
733 3986 954 4050 halbkreisformig
965 3986 1007 4035 dis
1017 3984 1068 4035 alte
1080 3983 1150 4034 Stad.
1161 4011 1194 4022 —·
1204 3982 1316 4035 Jensaita

231 4091 275 4140 des
299 4089 409 4139 Pleistos
434 4085 500 4136 nauh
525 4082 611 4133 Sfiden
636 4080 725 4131 arhebt
749 4079 805 4128 siah
828 4076 923 4127 saufter
940 4073 1121 4149 undlweniger
1137 4074 1202 4123 hoeh
1221 4074 1258 4123 als
1275 4072 1317 4122 dia

230 4177 393 4246 parnasisohe
415 4176 507 4226 Falsan
523 4173 569 4223 der
584 4171 710 4238 Kirphis,
730 4170 778 4219 mit
795 4168 880 4218 seinen
896 4181 954 4216 aum
972 4163 1044 4214 Theil
1060 4167 1160 4228 grtineu
1175 4163 1316 4225 Abhtngan

230 4271 304 4320 einen
327 4269 439 4318 sohtnen
459 4265 580 4315 Contrast
596 4278 629 4312 zu
645 4261 695 4310 den
711 4259 819 4309 naoktsn
835 4255 990 4322 gltnaeuden
1006 4254 1170 4304 Phhdriaden
1186 4250 1315 4302 bildend.’'

230 4361 387 4418 Vrssorrra,
405 4357 601 4437 Etiamnum
617 4353 671 4402 aad
687 4351 782 4401 Binda.
800 4351 824 4399 S.
843 4351 900 4399 606.
