3112 4914
262 382 305 445 90
485 391 490 398 '
680 400 929 444 conuunraurus.

260 596 403 671 lacunae,
426 617 517 680 quam
542 593 720 659 indicabant
744 616 802 658 vss.
827 595 1057 678 antistrophici,
1084 594 1344 680 supplementum.

260 706 364 787 Quare
388 708 468 792 sepsi
492 707 622 771 uncinis.
646 706 692 771 Of.
718 706 794 771 ibid.
820 730 849 792 p.
877 711 950 771 183.

190 880 193 886 .
306 825 380 885 145.
415 810 557 902 autom
592 823 731 896 ὁλκοῖς,
768 821 862 886 lauri
897 821 1106 899 tractibus,
1136 824 1156 886 i.
1186 845 1210 887 e.
1242 822 1345 886 laureo

260 935 427 1012 verriculo,
464 936 546 1019 quod
584 959 636 1020 per
670 946 779 1001 terram
814 936 951 1001 trahitur.
996 936 1144 1000 Similiter
1177 937 1345 1018 Dionysius

259 1049 406 1132 Perieget.
436 1053 494 1114 101
510 1050 600 1114 dixit
623 1051 722 1122 ὁλκοὺς
745 1050 864 1128 ἀμάξνο
890 1074 943 1134 pro
967 1074 1099 1128 curru,
1118 1061 1147 1115 et
1164 1051 1267 1115 eadem
1289 1075 1345 1114 vox

255 1144 425 1247 'usurpatur
448 1163 486 1226 de
510 1164 598 1248 spiris
622 1165 780 1249 serpentis.

307 1278 378 1341 147.
408 1277 520 1352 ναίας
543 1277 678 1353 παχάν.
713 1276 901 1353 „Geminum
926 1286 972 1340 est
995 1274 1102 1340 Nonni
1125 1276 1211 1353 πόμα
1234 1279 1345 1354 γαίης,

174 1364 185 1379 ¹
258 1387 417 1473 Sophoclis
440 1389 547 1469 ὄμβρος
571 1388 672 1468 χθονός
696 1388 733 1454 Ο.
757 1388 792 1454 O.
818 1392 902 1468 721,
927 1397 1092 1473 utrumque
1116 1390 1154 1452 de
1177 1412 1256 1473 aqua
1281 1390 1346 1453 dio·

258 1509 342 1577 tum‚
367 1521 460 1583 quam
483 1508 579 1564 terrae
600 1501 687 1564 sinus
711 1499 851 1564 effundit.
880 1499 994 1564 Contra
1009 1522 1088 1584 aqua
1106 1501 1222 1564 marina
1239 1501 1343 1565 πόντου

258 1613 357 1691 πηγαί
379 1612 520 1698 Euripidi
543 1614 631 1678 audit
653 1614 679 1680 Ι.
703 1614 738 1679 Τ.
768 1615 881 1680 1040.”
906 1614 1030 1678 Musca.

306 1730 379 1790 148.
409 1729 682 1808 ἀποχεύονται
717 1751 772 1814 pro
803 1727 983 1808 ἀποχέονται
1016 1727 1165 1792 Graecum
1193 1750 1255 1791 non
1279 1736 1325 1792 111
1335 1754 1344 1805 ;

259 1861 314 1903 neo
338 1841 507 1906 sententiae
530 1849 620 1926 aptus
645 1841 1344 1930 1111111111111Αοτ1111ἀποχεύοονται,1111111

258 1955 395 2039 reposuit
428 1954 615 2019 Dindorfius.
658 1955 754 2018 Aliud
790 1955 883 2019 latere
919 1960 1035 2018 certum
1071 1953 1208 2018 arbitror.
1252 1953 1344 2033 Quod

259 2066 598 2150 11111111ἀπονεύονται,
621 2066 746 2131 verbum
771 2069 975 2152 compositum
1000 2075 1045 2131 est
1069 2066 1106 2130 ab
1130 2066 1235 2151 ἀνεύω,
1262 2067 1344 2151 quod

260 2179 352 2244 habet
386 2180 484 2245 Thuc.
520 2180 569 2260 ΙΙ,
604 2184 655 2246 25.
702 2180 752 2245 Ita
783 2181 902 2245 dicetur
932 2202 1010 2264 aqua
1043 2180 1255 2244 trochleae
1282 2181 1345 2243 sive
1408 2197 1411 2202 ·

257 2293 434 2357 rechami
458 2316 529 2379 ope
552 2294 713 2358 hauriri
737 2291 1121 2370 1011111111111111111111,
1147 2295 1345 2358 11ἀπον11ον-

257 2428 306 2470 ται
328 2406 444 2470 dictum
465 2407 523 2470 erit
544 2429 598 2491 pro
618 2408 825 2486 ἀπαρύτονται.
856 2406 901 2471 Cf.
928 2406 1169 2490 7111191117,
1184 2410 1213 2484 2,
1228 2431 1256 2492 p.
1272 2410 1344 2472 181.

306 2524 378 2587 149.
401 2523 551 2603 νοτερὸν
575 2519 678 2599 ὕδωρ.
715 2521 761 2586 cf.
788 2523 870 2598 106,
897 2520 964 2604 [ph.
989 2520 1022 2584 T.
1049 2523 1151 2597 1046,
1178 2521 1245 2584 Alc.
1264 2523 1344 2597 601,

259 2632 367 2716 Suppl.
392 2633 467 2699 878.
492 2632 659 2718 Epitheton
686 2633 820 2718 pertinet
844 2632 881 2695 ad
906 2633 936 2695 id
961 2655 1078 2716 genus,
1104 2611 1186 2718 quod
1203 2633 1344 2716 frequens

260 2746 407 2829 imprimis
431 2747 512 2831 apud
537 2747 704 2812 Homerum
726 2749 962 2811 arccentiorum
982 2747 1044 2811 lere
1061 2747 1242 2832 populorum
1260 2747 1345 2832 poesi

260 2856 392 2922 alienum
421 2866 483 2922 est:
509 2860 654 2923 nimirum
678 2868 782 2923 notam
806 2860 1004 2923 necessariam
1029 2852 1249 2944 (essentialem)
1273 2881 1344 2923 con-

260 2971 358 3035 tinent
381 2972 566 3037 substantivi
590 2975 639 3037 cui
663 2973 830 3038 adduntur.
856 2973 906 3037 Sic
926 2973 1011 3052 ὑγρόν
1032 2971 1118 3053 ὕδωρ,
1141 2974 1217 3053 ὑγροὶ
1232 2974 1343 3053 ῥέεθρα,

258 3087 399 3163 κύματα,
426 3087 510 3167 ὑγρὸς
533 3085 658 3164 ὄμβρος,
683 3088 767 3166 ὑγρὸν
791 3092 900 3166 πῶμα,
924 3084 1032 3166 δάκρν,
1056 3087 1115 3149 1111
1140 3085 1246 3150 multa.

306 3202 377 3264 150.
400 3196 500 3271 ἀοιος
529 3208 680 3277 „sanctus
707 3210 737 3264 et
761 3223 859 3285 purus
884 3222 901 3263 a
927 3223 1091 3284 congressu
1117 3198 1258 3263 muliebri
1283 3201 1343 3284 [oui

249 3299 364 3393 ’λέχους
386 3313 475 3390 ἀνιὸν
498 3313 606 3395 δέμας,
634 3322 666 3377 ut
692 3321 740 3378 est
763 3313 838 3378 Eur.
855 3313 981 3399 Hippol.
1008 3311 1103 3401 1003]
1123 3313 1168 3376 vel
1185 3314 1343 3377 nocturnis

258 3425 513 3511 pollutionibus.”
542 3426 678 3491 Baunrs.
707 3426 754 3492 cf.
779 3427 831 3491 Or.
854 3429 936 3492 κατά
960 3428 1089 3506 Νεαίρας
1114 3427 1131 3510 b
1156 3428 1205 3491 78.
1228 3425 1342 3490 Tibull.

258 3540 301 3618 ΙΙ,
331 3544 357 3626 1,
386 3544 422 3604 11
449 3540 619 3604 discedat
642 3540 684 3604 ab
708 3541 799 3617 aris,
822 3541 882 3604 cui
902 3540 996 3604 tulit
1018 3541 1192 3603 hesterna
1208 3539 1342 3622 gaudia

258 3664 365 3719 nocte
389 3654 525 3719 Venus.
563 3654 672 3719 Casta
696 3655 844 3739 placent
868 3655 1024 3738 superis.
1048 3663 1118 3719 cett.

307 3770 376 3831 153.
410 3769 544 3849 ἀγαθᾷ
578 3768 705 3850 μοι’ρρι.
755 3758 838 3832 Haec
874 3767 950 3833 dicit
985 3767 1161 3831 adolescens
1197 3766 1340 3851 ignorans

256 3881 373 3951 felicem
388 3890 526 3958 sortem,
552 3903 630 3964 quae
654 3904 689 3945 eo
714 3881 780 3964 ipso
805 3881 853 3945 die
878 3881 937 3945 sibi
961 3881 1126 3964 continget.
1152 3882 1222 3964 lpse
1238 3878 1340 3962 potius

234 3996 287 4060 ·h.
311 3995 330 4060 l.
361 3996 476 4079 cogitat
505 3996 630 4059 alteram
660 3995 752 4058 vitam
778 4001 846 4078 post
871 4004 1016 4073 mortem,
1040 3994 1078 4057 ad
1103 4016 1194 4078 quam
1219 3993 1339 4077 saepius

257 4118 360 4173 noster
395 4108 514 4172 alludit.
559 4101 717 4173 Venantur
751 4107 895 4192 ambigua
926 4109 1041 4192 tragici.
1080 4107 1124 4172 Of.
1156 4108 1234 4171 infra
1263 4110 1338 4173 357.

256 4218 349 4299 Quod
375 4220 513 4303 sequitur
536 4220 572 4284 ἔα
595 4228 641 4284 111
665 4220 811 4284 mirantis.
1191 4220 1192 4223 ’

305 4334 377 4398 164.
407 4332 563 4416 φοιτῶο’
593 4372 638 4383 -
668 4333 875 4398 λείπουσιν
899 4340 944 4396 111
968 4333 1080 4412 ὕστερον
1103 4333 1251 4411 πρότερον,
1277 4355 1338 4417 quo
