3112 4914
596 384 848 429 ‹ronnrrnrarunu
1225 364 1267 428 85

88 594 90 598 ’
179 577 210 664 in
246 569 396 640 Castaliae
431 578 612 656 verticibus,
647 579 690 641 ita
721 578 840 662 puellae
871 602 888 641 a
921 578 1019 662 Tyriis
1050 580 1130 643 dono
1155 580 1263 644 missae

83 761 87 767 ¹
180 690 317 774 Apollini
341 700 456 754 canunt
479 691 595 774 Phoen.
620 694 703 754 422:

443 806 486 869 ἔτι
510 806 539 869 δὲ
563 804 738 876 Κασταλίας
763 801 832 884 ὕδωρ

444 915 571 994 ἐπιμένει
594 941 633 992 με
656 915 751 991 κόμας
774 916 850 991 ἔμας

443 1030 543 1093 δεῦσαι
552 1078 565 1110 ,
586 1028 730 1109 ταρίὲνιον
752 1027 879 1109 χλιδαν,

444 1142 604 1225 Φοιβείαισι
627 1143 784 1220 λατρείαις.

176 1257 230 1320 uhi
253 1256 355 1320 Schol.
380 1256 541 1321 Κασταλία
564 1257 626 1320 ε’στί
651 1257 735 1333 πανὺ
758 1260 787 1320 ἐν
810 1257 902 1334 Πυίίορ
927 1255 1014 1339 (sic),
1039 1256 1078 1327 είς
1095 1253 1127 1330 ἣν
1143 1257 1261 1331 λέγουσι

174 1370 230 1440 τοὶς
260 1371 429 1449 ίεροδτύλους
460 1369 611 1449 παρθένους
646 1371 798 1451 λούεσθαι,
825 1370 1032 1447 μελλούσας
1060 1370 1260 1448 ίεοτρίτιον

174 1484 396 1566 φθέγγεσθαι
421 1486 514 1562 παροδ
537 1487 582 1562 τῷ
606 1481 755 1564 τρίποδι,
784 1482 866 1546 nude
894 1505 955 1545 non
980 1481 1127 1546 debuerat
1144 1482 1258 1547 Preller

175 1619 220 1680 ap.
253 1595 350 1679 Pauly
381 1595 536 1659 Real-enc.
568 1595 619 1671 II,
651 1618 717 1679 pag.
751 1597 831 1673 806,
863 1595 1044 1659 concludere
1074 1597 1170 1680 ipsam
1196 1596 1257 1680 Py-

176 1708 290 1785 thiam,
315 1716 476 1792 antequam
502 1710 649 1773 cortinam
675 1709 908 1784 conscenderet,
926 1710 1077 1774 Castaliae
1098 1733 1177 1793 aqua
1194 1732 1260 1774 cor-

176 1846 234 1908 pus
259 1823 409 1900 abluisse,
434 1825 506 1887 licet
530 1846 565 1886 ea
584 1846 630 1887 res
647 1847 701 1908 per
717 1847 748 1887 se
764 1833 900 1908 spectata
916 1825 956 1887 sit
973 1825 1061 1888 valde
1077 1823 1258 1908 probabilis,

176 1937 320 2019 quoniam
345 1948 414 2000 ante
438 1959 559 2001 omnem
582 1961 644 2001 rem
662 1938 794 2001 divinam
814 1961 924 2022 corpus
940 1939 1062 2002 abluere
1080 1939 1171 2002 moris
1186 1948 1259 2003 erat.

178 2046 253 2111 Vide
279 2071 305 2111 v.
330 2071 355 2111 c.
381 2048 477 2111 Elect.
502 2051 557 2113 79]
578 2071 643 2134 sqq.
678 2049 757 2112 Nam
783 2073 882 2134 neque
905 2050 986 2136 apud
1003 2060 1142 2134 poetam,
1160 2071 1260 2132 neque

175 2161 255 2243 apud
281 2161 500 2238 Scholiastam,
526 2164 612 2225 cuius
632 2162 779 2226 stolidum
797 2173 842 2226 est
858 2176 1079 2241 commentum,
1098 2163 1135 2226 de
1151 2162 1261 2247 Pythia

85 2308 89 2316 ·
174 2298 271 2338 sermo
296 2286 359 2353 est,
384 2276 435 2339 sed
460 2276 497 2338 de
523 2276 699 2340 hierodulis.

218 2393 270 2454 97.
295 2391 577 2472 φαιδρυνιίμενα.
614 2389 784 2454 Nitidare
809 2413 956 2475 corpuS,
983 2399 1018 2454 ut
1042 2391 1119 2455 dixit
1139 2391 1259 2457 Ennius

173 2503 205 2564 iu
229 2501 454 2586 Cresphonte
478 2502 559 2587 apud
584 2501 721 2566 Nonium
746 2526 770 2566 s.
788 2525 814 2566 v.
839 2503 1018 2567 nitidant.
1044 2503 1142 2567 Cobet
1169 2503 1204 2569 V.
1220 2501 1258 2567 L.

174 2638 201 2699 p.
234 2619 297 2678 594
330 2616 438 2700 probat
469 2614 604 2679 Nauckii
628 2616 871 2680 emendationem
896 2616 1023 2680 laudans
1048 2617 1172 2682 Hesiod.
1197 2616 1257 2701 Op.

175 2731 248 2792 751.
273 2728 319 2794 Of.
346 2728 414 2793 Hel.
441 2731 503 2793 683
528 2728 575 2792 ἵνα
599 2729 659 2792 θεαὶ
683 2731 802 2811 μορφὰν
821 2732 1042 2810 ἐφαίδρυναν,
1067 2730 1176 2796 Aesch.
1197 2732 1257 2814 Ag.

177 2845 259 2904 1080
277 2843 360 2906 τίσιν
376 2850 516 2923 λουτροῖσι
534 2842 729 2925 φαιδρύνασα.
745 2845 923 2926 φαιδρυνταί
936 2843 1065 2906 Athenis
1078 2843 1259 2908 dicebantur

173 2956 299 3022 Phidiae
314 2950 451 3040 posteri,
476 2956 589 3040 quibus
606 2979 679 3020 cura
696 2957 839 3020 mandata
857 2966 920 3020 erat
937 2957 1088 3040 purgandi
1104 2957 1258 3021 simulacri

172 3072 254 3135 Iovis
280 3071 422 3155 Olympii.
445 3072 576 3156 Magnus
597 3072 634 3135 iis
659 3072 834 3136 habebatur
857 3073 955 3136 honor
972 3083 1009 3136 et
1032 3074 1172 3157 proedrie
1195 3083 1259 3137 erat

171 3186 201 3247 in
234 3185 346 3248 Bacchi
378 3185 510 3248 theatro.
553 3184 598 3249 Cf.
629 3205 726 3262 orna,
763 3189 887 3252 Αιιοιόνί
919 3187 1051 3264 Athena,
1081 3209 1148 3272 pag.
1175 3191 1257 3262 320,

173 3303 233 3364 327
260 3322 305 3382 sq.
350 3300 513 3363 Librorum
547 3301 638 3364 lectio
673 3300 962 3381 ἀφυδρανάμενοι
995 3310 1040 3364 est
1069 3301 1257 3364 incredibilis

171 3417 361 3499 compositio.
396 3414 489 3478 Recte
525 3413 615 3478 habet
649 3412 773 3476 verbum
805 3413 943 3497 simplex.
976 3414 1020 3478 Cf.
1051 3413 1148 3478 Elect.
1175 3417 1256 3491 156,

172 3529 261 3592 Hom.
285 3528 345 3592 Od.
371 3528 428 3606 IV,
455 3531 529 3605 roo,
557 3532 638 3611 759,
665 3526 748 3592 alibi.

217 3650 258 3707 98
284 3667 326 3728 sq.
350 3642 527 3726 φρουρεῑσ’
552 3645 702 3722 ἀγαθόν.
726 3642 931 3707 Tolerabilius
947 3665 1019 3705 sane
1036 3642 1117 3734 quod
1135 3642 1172 3705 de.
1188 3665 1259 3706 con·

171 3758 287 3821 iectura
311 3757 406 3821 edidit
432 3758 564 3821 Dindorf
584 3766 733 3840 φρουρεῖν,
758 3767 793 3821 ut
817 3780 852 3820 ex
877 3758 988 3833 αραίόν
1013 3757 1104 3819 simul
1127 3755 1258 3840 pendeat

169 3873 353 3952 οίτοφαίνειν.
379 3870 436 3934 Vel
458 3872 501 3934 sic
518 3881 618 3936 tamen
634 3873 746 3948 ιἰγαίίν
762 3872 801 3936 ob
819 3894 1028 3956 praegressum
1044 3872 1161 3947 αναίοίς
1178 3872 1255 3935 mihi

171 3987 347 4073 suspectum
368 3995 413 4050 est
432 4009 487 4050 nec
507 3987 644 4063 γλώσσας
664 3988 737 4058 ἰδίας
756 3988 828 4050 satis
841 3996 922 4050 recte
935 3986 1045 4049 habere
1057 3985 1252 4062 crediderim,

171 4102 253 4186 quod
278 4099 416 4163 Badham
440 4100 578 4183 quamvis
602 4099 836 4164 dubitabundus
861 4098 1049 4163 intellectum
1072 4099 1138 4162 vult
1154 4099 1191 4162 de
1208 4100 1254 4163 iis

171 4215 234 4300 qui
257 4215 299 4276 de.
323 4214 474 4298 privatis
495 4215 653 4298 negotiis
671 4214 865 4296 loquentes
882 4223 941 4277 aut
959 4215 1097 4298 privati
1114 4214 1255 4278 doloris

171 4329 226 4392 vel
249 4329 323 4394 irae
347 4325 452 4390 verba
476 4327 674 4392 efferentes
698 4351 768 4390 rem
793 4350 928 4391 sacram
953 4327 1161 4393 turbabant.
