3082 4912
758 365 848 420 ΙΩΝ.

363 576 418 633 τῶν
442 570 547 633 Αἰόλου
570 592 609 630 νιν
633 577 707 646 χρῆν
731 567 880 645 ὀρεχθῆναι
905 567 1020 643 γοθμων.

364 685 396 745 ἐκ
419 681 504 745 τῶνδε
527 682 580 743 δεῖ
602 705 635 743 σε
658 680 696 752 δὴ
718 678 880 753 γυναικεῖόν
903 702 931 741 τι
955 680 1039 758 δροῖν·
1087 677 1118 764 [f.
1143 679 1175 751 δῖε
1189 680 1289 742 -δεῖ
1303 705 1326 744 ιι.

366 795 381 868 ἢ
406 795 465 871 γαρ
488 792 572 873 ξίφος
596 792 751 862 λαβοῦσαν
775 791 792 864 ἢ
816 791 889 869 δθλῳ
911 791 964 854 τινῖ

364 907 380 981 ἢ
404 903 587 985 Φαρμθαοισι
612 904 660 967 σὸν
685 910 876 966 κατακτεῖναι
900 902 983 967 πθσιν
1288 907 1349 964 845

364 1017 411 1080 καῖ
438 1018 554 1088 παῖδα,
581 1015 645 1093 πρὶν
668 1014 710 1078 σὀῖ
734 1013 856 1078 θοῖνατον
878 1015 910 1077 ἐκ
933 1013 1029 1077 κείναν
1052 1023 1168 1090 μολεῖν,

363 1128 407 1191 δεῖ
427 1126 454 1189 σ’
465 1147 472 1162 ·
497 1127 520 1189 εῖ
544 1124 567 1188 δ’
591 1126 712 1204 ὑφήσεις
734 1124 820 1198 τοῦδ’,
843 1123 1015 1199 οῖπαλλοθξει
1040 1125 1125 1201 βίον·

366 1237 449 1326 [δυοῖν
473 1241 533 1318 γοὶρ
557 1239 667 1317 ἐχθροῖν
690 1240 729 1309 εῖρ
749 1233 782 1300 ’ἓν
806 1237 943 1301 ἐλθόντοιν
967 1239 1090 1316 στέγος,

365 1352 381 1427 ἢ
407 1350 520 1428 θοέτερον
543 1351 587 1414 δεῖ
608 1351 763 1428 δυστυχεῖν
787 1350 804 1424 ἢ
828 1348 963 1441 θάτερον]

362 1468 420 1542 ἐγὼ
444 1466 496 1542 μὲν
520 1463 566 1529 οὖν
589 1481 631 1528 σοι·
657 1467 706 1528 καῖ
730 1472 909 1528 συνεκπονεῖν
933 1465 1021 1546 θέλω,

364 1579 413 1641 καῖ
437 1576 627 1658 συμφονεύειν
652 1575 734 1640 παῖδ’
759 1578 929 1641 ὑπεισελθὼν
954 1578 1063 1655 δόμοιο,

364 1687 396 1754 οὗ
418 1689 492 1753 δαῖθ’
514 1688 644 1768 θπλίζει,
668 1691 717 1752 καῖ
742 1696 864 1770 τροφεῖα
887 1690 1042 1759 δεσπόταις

364 1803 487 1872 οῖποδοὺς
510 1803 602 1865 θανεῖν
625 1825 658 1864 τε
681 1800 734 1880 ζῶν
757 1827 790 1865 τε
812 1800 930 1880 Φέγγος
953 1803 1071 1880 εῖσοροῖν.

365 1911 393 1976 ἓν
415 1912 475 1994 γοῖρ
498 1938 526 1977 τι
550 1920 609 1984 τοῖς
634 1913 769 1977 δούλοισιν
793 1915 936 1993 αῖσχθννν
958 1915 1059 1996 Φέρει,

364 2028 509 2103 τοῦνομα·
533 2029 573 2090 τα
597 2028 622 2089 δ’
648 2025 732 2090 ἄλλα
756 2026 857 2090 ποῖντα
879 2032 935 2090 τοῖν
958 2027 1106 2106 ἐλευθέραν
1288 2033 1351 2090 855

369 2140 446 2204 οὐδὲν
468 2140 573 2203 κακίων
596 2140 711 2217 δοῦλος,
734 2137 811 2210 ὅστις
835 2139 934 2209 ἐσθλὸς
961 2137 989 2220 ᾖ

237 2338 239 2340 q
278 2260 341 2313 XO.
364 2249 468 2326 κοῖγθ,
492 2248 566 2326 Φῖλν
590 2247 741 2326 δέσποινα,
767 2249 922 2329 συμφορὰν
945 2249 1016 2312 θέλοι

364 2360 524 2436 κοινουμένη
548 2360 625 2434 τήνδ’
641 2360 665 2450 4ἢ
689 2361 781 2424 θανεῖν
804 2361 821 2434 ἢ
845 2360 1025 2440 ζῆνκαλῶς.

281 2484 339 2538 ΚΡ.
363 2469 384 2537 ὦ
406 2472 515 2554 ψυχαὶ,
540 2480 600 2544 πῶς
624 2473 757 2554 σιγοθσοο;

367 2593 427 2656 πῶς
451 2585 481 2649 δὲ
504 2585 622 2657 σκοτίας
647 2586 787 2666 οῖναΦθνα

367 2698 467 2779 εὐναῖς,
493 2697 587 2767 αἰδοῦς
611 2694 634 2760 δ’
654 2698 845 2777 οῖπολειφθοῖ;

366 2812 396 2874 τῖ
418 2811 478 2888 γοδρ
501 2809 633 2886 ἐμπθδιον
657 2807 768 2885 κώλυμ’
792 2809 836 2874 ἔτι
859 2832 926 2886 μοι,

368 2926 435 3003 πρὸς
458 2922 511 2987 πῖν’
534 2922 626 2998 ἀγῶν’
649 2921 685 2985 θον
713 2921 837 2998 θεῖμεσθ
860 2923 979 3004 αρετῆς,

367 3034 400 3099 οὗ
423 3034 505 3106 πθσις
529 3039 608 3111 ἡμῶν
632 3032 768 3114 προδότης
793 3032 930 3116 γέγονας

369 3148 506 3228 στέρομαι
530 3146 555 3212 δ’,
572 3145 670 3221 οῖκων,
696 3146 833 3226 στέρομαι
861 3148 985 3229 παίδων,
1291 3157 1353 3214 865

369 3258 490 3337 φροῦδαι
514 3258 538 3319 δ’
558 3259 692 3340 ἑλπιδες,
718 3256 754 3328 ἃς
780 3258 966 3322 διαθέσθαι
1037 3261 1072 3343 [f.
1096 3261 1129 3334 δὴ
1152 3261 1245 3325 θέσθαι
1270 3295 1288 3324 v.
1304 3284 1332 3329 ιι.

371 3369 519 3450 χρῄζουσα
541 3374 638 3440 καλῶς
663 3373 713 3433 οὐκ
737 3371 884 3452 ἐδυνήθην,

373 3487 487 3558 σιγῶσα
510 3480 646 3558 γοῖμονς,

373 3599 488 3668 σιγῶσα
511 3592 610 3664 τθκονς
634 3593 864 3665 πολυκλαύτους.
920 3607 922 3612 ’

310 3815 339 3866 V.
358 3818 405 3865 848
419 3831 456 3879 sq.
470 3820 553 3880 μολεῖν.
563 3815 676 3883 ιῖγάργ’.
692 3815 785 3881 Recepi
794 3816 936 3867 Hermanni
945 3819 1123 3870 coniecturam.
1133 3827 1227 3875 θάνατον
1235 3829 1321 3876 ῖαιίνων
1329 3826 1358 3874 P.

307 3904 340 3952 V.
359 3907 405 3952 848
416 3920 452 3968 sq.
471 3902 519 3952 del.
537 3903 663 3953 Badham.
680 3932 713 3942 -
730 3904 762 3954 V.
781 3909 837 3955 851.
856 3913 995 3959 ὶπιισεῖθών.
1014 3911 1083 3961 Corr.
1103 3911 1251 3963 Wakefield.

306 3993 339 4042 V.
357 3995 413 4042 856.
432 3995 508 4050 οὐδεὶς.
525 3992 595 4042 Oorr.
616 3993 725 4043 Dobroe.
752 4023 776 4032 -
793 3995 826 4044 V.
843 3998 902 4051 858.
918 4006 964 4060 ςεῖν
980 4000 1010 4047 P.

308 4081 341 4130 V.
359 4082 415 4132 863.
438 4090 524 4146 ἀγῶνας
545 4083 668 4149 τιθέμεσθ’.
691 4085 721 4132 Ιι.
740 4084 854 4134 Dindorf
868 4088 935 4151 ἀγῶν’
952 4095 980 4140 ἂν
997 4092 1096 4154 θεῖμισθ
1114 4094 1290 4157 corrigendum
1307 4111 1360 4146 esse

275 4171 410 4223 intellexit.

307 4260 341 4310 v.
359 4265 415 4311 εει.
432 4265 463 4312 τι.
481 4249 551 4312 corr.
568 4263 675 4324 Dobm.
693 4291 720 4300 -
743 4265 772 4313 v,
790 4265 847 4315 εον.
864 4267 990 4326 eamcam.
1011 4267 1081 4319 corr.
1099 4270 1220 4336 Elmsloy.
