3112 4914
435 401 441 411 '
480 431 486 438 ·
603 424 854 471 oouunurrarus.
1207 408 1273 473 177

183 621 329 684 cillantur
352 642 430 704 quae
455 628 612 704 praesente
635 620 728 684 choro
753 619 880 684 Xuthus
904 620 968 684 filio
992 621 1071 684 dixit
1095 623 1269 686 653-657

183 743 213 797 11
238 737 410 799 665-601
438 735 490 818 (11.
517 736 708 819 707-709)
738 743 860 798 etcum
885 733 1016 799 Creticae
1041 734 1139 799 verbis
1166 738 1268 810 1031,

184 849 237 912 sed
261 849 425 912 difficulter
448 871 518 913 cum
537 849 640 912 nuntii
656 848 828 913 narratione
846 852 930 913 1125
949 872 1029 932 sqq„
1047 850 1129 913 unde
1145 858 1271 936 apparet

184 962 325 1026 Xuthum
349 985 411 1026 non
435 963 614 1028 immolandi
639 985 730 1026 causa
753 960 864 1026 abiisse
889 963 926 1026 ad
951 963 1199 1038 tabernaculum,
1216 963 1269 1027 sed

183 1077 284 1140 solum
307 1076 521 1140 conscendisse
545 1098 689 1140 cacumen
714 1076 835 1140 Baccho
859 1099 979 1141 sacrum
991 1125 1000 1154 ,
1025 1087 1167 1142 manente
1187 1078 1269 1156 filio,

183 1212 272 1275 quem
296 1190 529 1255 tabernaculum
555 1212 667 1276 ponere
691 1189 793 1267 iubet,
818 1198 864 1268 et,
889 1191 915 1252 si
939 1191 1004 1276 ipse
1032 1190 1151 1254 diutins
1179 1191 1272 1254 fuerit

183 1315 328 1382 moratus,
346 1307 485 1370 convivio
502 1307 639 1390 excipere
655 1308 783 1384 amicos3
803 1329 859 1370 nec
872 1328 904 1370 re
919 1328 1001 1383 vera,
1017 1315 1137 1371 vetante
1149 1306 1271 1372 fabulae

183 1421 374 1497 oeconomia,
407 1421 507 1504 epulis
539 1429 625 1505 pater
653 1421 803 1484 interfuit.
845 1419 916 1483 Nisi
944 1421 1040 1504 igitur
1063 1421 1271 1486 existimemus

183 1544 302 1620 poetam
334 1537 366 1600 in
399 1536 565 1619 posteriore
597 1541 683 1619 parte
706 1535 868 1610 dramatis,
896 1545 1056 1619 postquam
1081 1534 1183 1599 Xuthi
1206 1559 1271 1620 per·

184 1671 286 1713 sonam
313 1649 350 1711 dc
374 1671 464 1712 scena
486 1648 704 1712 removendum
734 1671 798 1712 esso
823 1649 1023 1727 intellexerit,
1051 1657 1170 1714 mutato
1198 1672 1271 1714 con·

184 1764 254 1827 silio
274 1786 336 1827 rem
357 1765 401 1827 ita
412 1763 655 1838 administrasse,
674 1784 735 1826 non
751 1763 894 1827 correctis
911 1768 1011 1826 tamen
1028 1741 1112 1845 quae⁴
1123 1765 1154 1827 in
1169 1765 1269 1849 priore

184 1885 269 1960 parte
293 1877 454 1961 scripserat
476 1876 590 1960 (qualis
615 1876 719 1961 opinio
740 1898 848 1960 parum
870 1874 993 1940 haberet
1011 1875 1268 1962 probabilitatis),

184 2013 246 2053 non
266 1991 355 2054 video
372 2012 434 2074 quo
450 1998 540 2074 pacto
558 1990 635 2053 liano
654 1989 864 2054 difficultatem
881 1990 1049 2075 expediam.
1067 1989 1177 2076 Neque
1189 1992 1270 2055 enim

183 2106 227 2167 sic
251 2104 386 2188 expediri
410 2113 529 2189 potest,
556 2111 590 2167 ut
613 2103 744 2167 admisse
769 2104 935 2169 verborum
945 2105 1161 2169 coniunctione
1178 2109 1269 2189 quam

185 2218 282 2281 voluit
307 2217 471 2301 Musgrave
489 2218 692 2301 explicemus:
714 2217 922 2282 immolare
944 2219 1132 2296 hostiam,
1154 2220 1270 2283 cuius

185 2355 326 2396 carnes
351 2355 368 2394 a
391 2333 579 2396 convivis
603 2333 642 2395 in
667 2320 852 2396 tentorio
873 2344 1153 2410 consumantur,
1171 2335 1270 2419 qualis

185 2447 397 2530 interpretatio
422 2446 519 2510 verbis
543 2446 666 2529 quidem
691 2446 806 2530 optime
830 2446 1010 2530 respondet,
1039 2447 1093 2511 sed
1116 2449 1268 2512 refellitur

186 2584 221 2624 eo
252 2562 318 2645 ipso
350 2560 432 2646 quod
464 2561 637 2624 convivium
671 2561 721 2637 fit,
756 2561 829 2623 dum
854 2559 980 2624 Xuthus
1005 2561 1209 2637 sacrificatur,
1236 2571 1271 2624 ut

186 2681 300 2736 taceam
325 2673 422 2758 (quod
446 2673 537 2756 longe
561 2673 686 2735 minoris
707 2683 753 2736 est
773 2674 933 2754 momenti)
949 2673 1087 2758 intellegi
1103 2697 1164 2738 non
1181 2697 1270 2760 posse

186 2811 227 2851 vs.
256 2790 339 2851 1031
365 2788 469 2861 ἐλθὼν,
494 2783 527 2851 ἵν’
552 2789 620 2860 ἡμῖν
642 2786 780 2863 βουθυτεῖ
799 2787 893 2869 adipe
914 2787 1011 2863 πόσις,
1034 2788 1184 2872 siquidem
1202 2812 1269 2874 pae-

185 2901 323 2985 dagogus
347 2901 384 2962 ad
410 2899 640 2964 tabernaculum
664 2922 696 2962 se
720 2901 854 2976 confert,
883 2922 946 2964 non
969 2901 1007 2964 ad
1032 2901 1157 2965 Parnasi
1180 2925 1271 2968 cacu-

185 3038 272 3091 men,
299 3013 351 3077 ubi
374 3036 437 3077 rem
462 3013 596 3076 divinam
619 3013 692 3076 facit
716 3013 852 3078 Xuthus.
880 3015 940 3090 At,
966 3015 1076 3079 dixerit
1101 3018 1271 3102 quispiam,

186 3127 300 3191 Creiisa
323 3128 380 3190 hoo
404 3127 479 3190 seire
503 3148 566 3190 non
589 3128 707 3211 potuit,
732 3149 787 3191 nec
808 3127 920 3192 chorus
937 3129 1020 3193 aliud
1037 3130 1196 3196 audiverat
1213 3133 1271 3195 nisi

186 3250 215 3303 et
239 3262 323 3303 sacra
346 3250 376 3304 et
400 3239 576 3304 convivium
600 3238 787 3303 celebratum
811 3241 859 3304 iri.
884 3241 1007 3316 Audio,
1033 3243 1083 3306 sed
1105 3267 1161 3308 cur
1177 3244 1272 3328 igitur

186 3353 297 3416 chorus
321 3353 407 3416 addit
430 3352 483 3416 illa
507 3352 544 3416 de
569 3375 654 3416 sacro
679 3353 893 3432 tabernaculo,
917 3355 955 3419 de
979 3378 1041 3440 quo
1063 3331 1273 3422 Xuthusver·

185 3465 258 3530 bum
282 3488 344 3530 nou
369 3465 509 3530 dixerat?

231 3556 306 3644 808.
330 3580 382 3658 yet
389 3606 404 3662 p
427 3605 485 3646 σον
511 3603 564 3644 cur
585 3583 777 3645 numerosius
794 3583 834 3645 sit
850 3603 940 3665 quam
957 3582 1104 3646 librorum
1123 3584 1273 3670 scriptura

185 3693 317 3778 explicat
350 3694 484 3778 Elmsley
513 3693 552 3757 ed
576 3693 652 3758 Oed.
676 3693 742 3759 Col.
771 3699 841 3759 115.
865 3695 911 3760 (ll.
935 3696 972 3760 ad
998 3695 1073 3760 Η11.
1099 3720 1165 3782 pag.
1191 3702 1272 3778 261,

185 3807 232 3870 ed.
257 3807 341 3891 Lips.

230 3923 303 3985 809.
326 3922 681 4002 μεμηχανημένως
706 3920 779 3984 alibi
803 3944 864 3986 non
887 3922 1011 4006 legitur.

231 4037 307 4098 ala
328 4034 597 4116 παγκληρΙνιν.
622 4034 669 4098 (11.
693 4035 773 4099 infra
800 4037 883 4097 1542
908 4046 939 4098 et
962 4035 1070 4120 Suppl.
1100 4039 1155 4115 la;
1180 4063 1273 4116 πνιμ-

184 4150 332 4222 eletas
355 4158 402 4212 est
425 4149 504 4212 infra
531 4151 624 4212 1305.

230 4265 293 4324 815
311 4285 355 4346 sq.
391 4261 438 4324 Of.
464 4261 556 4346 Soph.
579 4261 627 4325 El.
653 4264 715 4326 773
743 4262 816 4326 οὕτω
840 4261 970 4336 μάτην
992 4286 1046 4340 γε,
1071 4270 1132 4336 πῶς
1154 4265 1213 4347 γὰρ
1236 4266 1272 4331 dea

183 4373 313 4470 μ11ην
340 4375 455 4452 alpem
488 4373 633 4438 Ceterum
658 4373 767 4438 dubito
792 4397 866 4439 num
891 4375 922 4438 hi
947 4398 1004 4440 vsa.
1029 4375 1068 4440 ab
1092 4378 1159 4462 ipso
1184 4393 1275 4464 poeta

1143 4492 1173 4538 12
