3112 4914
270 394 334 458 180
689 413 940 457 eoum-rurrmus.

312 608 386 670 840.
412 607 531 671 πιθών.
557 607 670 669 horisli
697 605 729 669 ΙΙ
754 605 851 669 forma
875 606 983 669 Aetius
1007 605 1064 669 soli
1088 615 1195 690 poetae
1213 616 1355 670 utuntur.

312 723 387 785 842.
411 726 480 784 σῶν
503 720 652 785 Αἰόλον.
677 720 847 804 Oportebat
869 743 939 784 eum
957 721 994 784 ad
1013 722 1106 804 patris
1125 721 1213 784 Aeoli
1229 721 1353 785 demum

265 855 416 897 reversum
442 835 574 919 aliquam
600 857 635 897 ex
660 834 743 898 illius
768 833 932 918 nepotibus
950 834 1071 898 ducere.
1095 835 1231 899 Burnus.
1252 838 1352 915 ὀρεχ·

265 950 384 1022 θῆναι.
418 949 483 1011 Aor
514 947 595 1011 Pass.
630 948 776 1032 promisee
809 961 975 1034 usurpatur
998 971 1067 1012 eum
1092 950 1165 1014 Aor.
1189 949 1268 1012 med.
1294 951 1354 1028 ὀρέ-

264 1059 379 1135 ξασθαι.
413 1059 458 1126 Of.
486 1061 523 1124 H.
549 1061 580 1124 Il.
610 1065 666 1136 16,
692 1062 759 1126 Hel.
789 1052 890 1138 lae&
915 1061 967 1126 Or.
991 1067 1066 1138 327,
1089 1062 1125 1126 fr.
1146 1066 1218 1126 242.
1243 1061 1354 1127 Forma

265 1176 384 1258 passiva
408 1175 489 1259 apud
514 1175 683 1239 Homerum
708 1175 845 1240 nondum
870 1177 1029 1259 reperitur.

311 1291 384 1353 843.
414 1291 644 1366 γυναικεῖόν
675 1314 719 1355 τι.
756 1269 826 1353 Non
858 1291 918 1353 nisi
950 1313 986 1354 ex
1015 1298 1100 1374 parte
1130 1290 1190 1352 hue
1221 1290 1353 1373 pertinet

265 1402 409 1487 Aeschyli
439 1402 564 1466 dietum
589 1404 696 1486 Agam.
725 1407 808 1466 1605
833 1404 867 1468 τὸ
890 1404 950 1482 ναν
974 1404 1097 1468 δολῶσαι
1122 1403 1191 1484 πρὸς
1214 1403 1366 1494 γυναικὸς,

264 1512 297 1591 ἦν
319 1522 435 1597 σαφῶς.
1329 1533 1337 1541 “

309 1632 383 1693 846.
408 1631 465 1694 rol
490 1630 660 1695 ὑανατὺν
682 1669 727 1679 --
750 1637 894 1708 μολεῖν.
933 1630 1007 1694 Hec.
1037 1633 1101 1694 642
1126 1632 1214 1695 κακὸν
1237 1636 1277 1713 τᾷ
1302 1641 1354 1695 Σι-

263 1742 389 1818 αοννσιὺι
416 1748 461 1824 γᾷ
484 1743 602 1820 ὀλέθριον
626 1741 753 1820 ἔμολε,
779 1741 873 1826 Hipp.
904 1745 984 1805 1463
1008 1745 1095 1808 κοινὸν
1114 1739 1352 1822 τόδ’ὑχνςσνῖσι

263 1855 398 1925 πολίταις
423 1851 528 1932 ἦλθε,
553 1862 623 1918 nell.

309 1967 371 2030 847
403 1967 541 2050 spurium
574 1964 689 2030 habent
717 1964 853 2029 Dindorf
879 1977 909 2028 et
933 1965 1052 2032 Nauck.
1089 1968 1129 2029 At
1153 1967 1347 2030 manifestum

263 2101 328 2142 esse
351 2099 429 2155 reor,
459 2079 516 2142 hoe
540 2101 583 2142 vs.
608 2078 709 2143 deleto
733 2101 793 2143 non
819 2079 908 2143 lieere
932 2102 968 2144 ex
992 2102 1033 2144 vs.
1059 2083 1125 2144 843
1149 2088 1286 2164 repetere
1310 2080 1355 2142 δεῖ

264 2201 333 2276 post
357 2193 374 2266 ἢ
398 2192 471 2271 ναν
495 2230 539 2240 -
562 2199 763 2257 κατακτεῖναι.
796 2191 898 2271 Quare
922 2194 1085 2270 constitui,
1107 2202 1142 2256 ut
1159 2193 1258 2256 edidit
1274 2192 1350 2255 Her·

264 2328 371 2380 mann,
389 2307 449 2369 nisi
465 2305 547 2388 quod
568 2305 780 2390 Musgravium
799 2306 936 2390 aliosque
956 2317 1079 2371 secutus
1097 2307 1245 2390 virgulam
1261 2307 1352 2390 posui

265 2426 335 2502 posi
356 2420 455 2494 σνὺὑε,
482 2419 553 2502 qnia
577 2420 607 2483 in
631 2419 685 2483 hae
701 2419 914 2503 similibusque
931 2421 1071 2484 formulis
1088 2420 1350 2502 (ἀπαλλάσσεσθαι

262 2532 342 2617 βίον)
366 2554 518 2616 nusquam
544 2554 709 2616 pronomen
735 2534 1007 2597 demonstrativum
1027 2532 1167 2597 additum
1185 2532 1262 2609 vidi,
1280 2555 1350 2596 eon·

263 2653 310 2709 tra
342 2667 411 2709 vero
443 2645 569 2710 verbum
598 2645 712 2724 ὑφιέναι
735 2646 914 2732 plerumque
938 2647 1078 2730 iungitur
1101 2668 1169 2710 eum
1194 2647 1346 2730 genetivo.

264 2759 407 2843 Hartung
430 2759 558 2822 eonieeit
582 2761 619 2830 ὑσ
643 2759 670 2823 εἴ
690 2757 722 2836 γ’
745 2761 887 2841 ὑφήσεις,
916 2760 1049 2824 Badham
1073 2762 1097 2824 εἰ
1113 2762 1172 2839 γὰρ
1189 2761 1224 2824 σὺ
1241 2759 1347 2839 φείσει.

263 2873 412 2938 Badhami
436 2874 610 2937 coniectura
635 2897 741 2958 parum
767 2875 828 2937 veri
853 2882 898 2938 est
922 2874 1048 2951 similis,
1074 2876 1148 2959 quia
1171 2884 1201 2937 el
1218 2874 1351 2938 mutavit

264 2987 387 3052 verbum
420 2998 524 3072 aptum
560 2987 673 3066 ὑφιέναι
705 2996 736 3052 el
768 3011 802 3051 ea
834 2987 966 3052 admissa
988 3011 1135 3074 perquam
1159 2986 1350 3051 incommode

261 3100 344 3164 τοῦδε
377 3098 488 3162 referre
522 3099 660 3181 cogimur
691 3098 729 3160 ad
761 3098 859 3161 solum
892 3097 1016 3175 Ionem,
1050 3119 1146 3182 quum
1179 3106 1280 3158 lamen
1312 3095 1350 3159 de

262 3221 346 3296 patre
380 3234 442 3275 non
474 3212 575 3274 minus
607 3233 698 3296 quam
730 3211 767 3274 de
799 3211 863 3274 filio
894 3210 1105 3274 interficiendo
1133 3231 1230 3273 sermo
1254 3209 1295 3272 sil
1318 3211 1349 3272 in

262 3327 451 3412 praegressis.
495 3326 544 3389 Ita
575 3325 682 3388 sallem
714 3324 909 3389 scribendum
941 3325 1019 3388 foret
1050 3325 1074 3388 εἰ
1105 3323 1165 3403 γὰρ
1193 3324 1230 3386 σὺ
1253 3322 1350 3402 φείσει

261 3441 388 3504 τῶνδε.
424 3438 550 3518 Quare
574 3439 730 3503 intellecta
753 3437 908 3515 Badham,
935 3447 1054 3502 mutato
1077 3439 1172 3503 κείνων
1196 3437 1229 3499 in
1256 3436 1349 3501 κείναν

263 3562 293 3616 el
325 3555 341 3629 ἢ
372 3555 431 3633 γαρ
460 3553 491 3616 in
520 3553 598 3627 ἤτοι,
623 3552 722 3638 posita
745 3552 864 3636 virgula
888 3560 959 3636 post
981 3553 1066 3633 δρᾶν,
1094 3575 1136 3614 vs.
1163 3554 1245 3626 845,
1270 3548 1349 3613 nihil

262 3666 321 3730 lale
345 3667 505 3749 meritum,
533 3665 628 3729 sciolo
653 3665 754 3728 neseio
779 3666 830 3728 eui
854 3664 979 3745 tribuit3
1009 3664 1140 3728 Creusae
1164 3663 1245 3726 enim
1269 3661 1348 3725 nihil

261 3803 279 3844 a
302 3780 410 3845 Xutho
433 3781 478 3844 ait
501 3779 672 3843 timendum
695 3779 799 3842 fuisse.
825 3778 919 3859 Quod
943 3787 1156 3864 argumentum
1178 3798 1269 3862 quam
1293 3775 1348 3839 fal·

262 3917 328 3957 sum
354 3895 395 3957 sit
418 3902 520 3978 aperte
544 3915 579 3956 eo
604 3892 846 3972 demonstratur,
871 3894 954 3977 quod
979 3892 1146 3958 abeodem
1171 3889 1347 3976 paedagogo

262 4007 340 4071 infra
372 4006 504 4070 Oreiisae
530 4006 635 4090 (idque
659 4013 730 4070 ante
754 4007 917 4071 eonsilium
942 4008 980 4071 de
1003 4006 1079 4070 Ione
1102 4002 1254 4086 necando)
1279 4023 1347 4063 sua·

261 4122 351 4187 detur
375 4143 417 4184 vs.
443 4123 517 4185 976.

306 4237 447 4298 848-9.
471 4233 540 4310 „En
566 4256 670 4297 versus
696 4256 762 4298 vere
786 4235 923 4318 spurios,
949 4233 1061 4318 quibus
1082 4229 1261 4297 damnandis
1279 4227 1346 4292 bar·

260 4351 365 4415 hurum
398 4349 480 4445 istud
512 4349 627 4428 θάτερον
653 4370 708 4432 pro
731 4349 779 4411 τὸν
802 4346 895 4428 ἕτερον
919 4348 1017 4411 solum
1042 4347 1210 4420 sufficeret,
1236 4342 1288 4406 sed
1314 4349 1345 4404 et
