3112 4914
576 383 831 444 commaneamus.
1186 382 1249 446 221

166 594 275 670 dium
307 603 454 676 guttur
482 594 698 660 insilirem.
727 593 914 676 (Athenaeus
938 592 981 657 ibi
1005 594 1068 677 agit
1092 594 1130 658 de
1154 593 1253 659 abusu

167 706 250 771 verbi
273 711 441 773 οόνακεῑσόαι
466 731 521 792 pro
544 710 761 793 κατακεῖσθαι).
785 708 851 771 Iam
875 730 944 771 vero
969 708 995 770 si
1018 707 1150 788 αὐχένας
1171 719 1254 792 gut·

166 830 281 886 tures
311 823 565 907 interpretamur,
599 821 667 886 vide
699 844 790 907 quam
819 820 989 885 absurdum
1019 823 1059 885 sit
1082 823 1252 906 epithetum

166 934 335 1015 εὐπτέρους,
361 934 445 1019 quod
470 934 552 998 unde
575 935 719 998 sumserit
742 934 959 1018 interpolator,
985 932 1075 997 docet
1098 957 1140 999 vs.
1158 938 1253 998 1203.

166 1046 259 1110 Recte
281 1048 391 1132 igitur,
417 1049 449 1111 ni
472 1047 578 1124 fallor,
603 1048 693 1132 posui
717 1046 876 1112 cancellos.

214 1165 307 1227 1201.
330 1161 445 1238 λοιβόι
468 1163 563 1226 θεοῦ.
599 1160 646 1225 Of.
672 1160 709 1224 ad
735 1163 831 1225 1192.

215 1280 310 1340 1204.
333 1275 626 1355 κσόβοόκχευσεν
649 1275 856 1351 intransitive,
881 1281 917 1338 ut
939 1273 1128 1359 plerumque.
1156 1275 1255 1339 Inter-

167 1389 242 1452 dum
271 1391 432 1453 transitiva
465 1389 558 1453 verbo
590 1389 740 1453 tribuitur
770 1395 922 1472 potestas,
948 1388 1031 1452 velut
1054 1387 1155 1453 Orest.
1178 1393 1254 1467 411,

167 1505 243 1578 835,
277 1502 316 1566 H.
340 1502 373 1567 Il.
406 1506 481 1582 898,
505 1506 579 1566 966.
622 1503 833 1587 Metaphoriee
866 1501 902 1566 de
933 1524 968 1566 eo
992 1503 1046 1585 qui
1069 1502 1253 1567 baccharum

167 1638 250 1679 more
281 1616 468 1680 furibundus
501 1640 612 1701 corpus
644 1618 755 1701 agitat,
789 1625 824 1681 ut
859 1617 942 1703 apud
970 1617 1099 1682 Latinos
1125 1639 1254 1703 quoque

167 1729 359 1793 bacchari
384 1729 661 1814 (debacchari)
685 1751 774 1815 saepe
798 1732 924 1815 ponitur
947 1754 1001 1815 pro
1026 1732 1175 1796 furere.

216 1845 300 1906 1294
333 1866 376 1927 sq.
416 1843 490 1909 ὀτα
524 1843 715 1920 ὀξύνετον
751 1842 830 1909 libri.
875 1843 972 1923 Quasi
1007 1867 1077 1909 vero
1114 1845 1254 1929 intellegi

168 1957 266 2040 possit
297 1978 354 2020 vox
388 1951 548 2021 columbae
572 1979 633 2021 non
657 1959 842 2042 aegrotantis
867 1980 923 2021 nec
947 1957 1091 2023 dolentis.
1118 1957 1253 2042 Reposui
1364 1976 1367 1980 ·

167 2069 369 2147 ὀξότονον,
401 2094 534 2136 νουσιν
567 2080 744 2150 acutam,
778 2072 1034 2137 stridentem.
1079 2072 1171 2157 Soph.
1203 2073 1253 2137 hi.

169 2187 232 2248 630
257 2184 403 2256 όέντόνους
426 2186 501 2267 ᾠόὀις
525 2187 659 2267 όρννόσει,
684 2186 815 2251 Philoct.
839 2190 923 2251 1093
944 2186 1081 2264 ὀξυτόνων
1097 2188 1149 2253 ὀιόι
1169 2213 1254 2253 τνευ-

168 2298 285 2373 μότων,
318 2299 426 2363 Aesch.
460 2300 518 2383 Ag.
553 2302 593 2364 57
627 2301 776 2381 οἰωνόθροον
806 2300 873 2378 γόον
904 2299 1048 2378 ὀξυβόαν,
1081 2304 1163 2386 Sept.
1189 2305 1252 2366 320

168 2408 296 2486 ὀξυγόοις
319 2419 456 2478 λιταῖσιν.
482 2412 646 2497 Vulgatam
669 2414 831 2479 lectionem
847 2415 1028 2498 neutiquam
1045 2423 1151 2480 tuetur
1167 2416 1253 2480 locus

168 2523 273 2608 Antig.
299 2527 383 2589 1001
402 2548 467 2610 sqq.

222 2640 313 2700 1206.
346 2637 449 2721 Vulgo
480 2661 496 2700 e
524 2638 650 2703 Heathii
673 2641 862 2705 correctione
886 2640 989 2705 editur
1012 2640 1143 2722 αἱόζουσ’
1167 2643 1253 2720 totp-

168 2755 269 2832 βκσεν.
310 2751 436 2815 Retinui
470 2751 608 2815 codicum
646 2753 846 2836 scripturam,
882 2754 955 2837 quia
985 2760 1015 2817 et
1044 2754 1081 2817 in
1113 2755 1254 2818 nuntii
1280 2808 1283 2812 .

169 2867 361 2932 oratione
393 2864 494 2928 omitti
523 2872 623 2948 potest
646 2878 861 2949 augmentum,
887 2872 918 2928 et
940 2867 1105 2950 gratiorem
1129 2865 1254 2930 auribus

170 2999 325 3043 caesuram
357 2974 520 3039 obliterare
552 2998 614 3039 non
647 2976 754 3040 ausim.
778 3014 822 3024 -
845 2975 1057 3056 αόοόζουσα,
1081 2975 1252 3056 οόμόζουσα.

168 3091 254 3156 Illud
277 3112 333 3174 pro
357 3089 415 3152 hoc
438 3088 561 3172 (utpote
582 3089 648 3152 eius
668 3089 862 3173 glossemate)
879 3088 1041 3153 reddebam
1055 3089 1254 3175 Theopompo

169 3205 285 3270 comico
317 3226 364 3287 ap.
398 3201 472 3266 Ath.
506 3200 532 3278 I,
564 3225 593 3286 p.
625 3205 666 3266 23
690 3212 726 3268 Ε.
765 3201 878 3266 Stud.
906 3182 1004 3268 (trit.
1028 3203 1047 3268 i.
1071 3226 1099 3287 p.
1123 3225 1171 3267 so.
1200 3226 1252 3287 gr.

167 3343 237 3406 pag.
261 3325 313 3383 28.
346 3354 389 3364 -
421 3314 645 3392 όνόμβνσεν,
677 3315 848 3396 ἒξετλσόνν,
874 3314 1102 3401 obstipuit;
1128 3315 1253 3381 verbum

171 3433 369 3497 Homericum
394 3451 495 3493 rarum
520 3428 602 3512 apud
627 3429 768 3511 tragicos.
805 3427 853 3492 of.
879 3428 948 3513 Iph.
975 3430 1013 3493 A.
1039 3432 1136 3505 1561,
1160 3428 1254 3515 Soph.

170 3548 243 3610 Ant.
269 3547 364 3619 1246,
392 3526 501 3606 hesch.
526 3541 633 3626 Suppl.
658 3544 731 3608 570.
755 3541 985 3608 substantivum
1011 3543 1143 3621 όοόμβος,
1169 3542 1253 3628 quod

168 3661 255 3722 iuxta
285 3680 354 3725 oum
377 3657 474 3737 τόφος
500 3654 652 3719 Homerus
678 3656 818 3734 adhibet,
843 3657 928 3721 solus
952 3658 1136 3741 tragicorum
1161 3655 1253 3720 habet

169 3781 274 3836 noster
296 3772 371 3836 Hac.
396 3773 469 3845 180,
495 3767 587 3833 Rhea.
612 3772 687 3834 291.

216 3887 310 3950 1207.
332 3882 636 3960 ὀτασταόοουσα.
661 3881 729 3944 Hoc
753 3882 956 3967 compositum
983 3880 1064 3946 verbi
1089 3880 1251 3960 οόσταόρειν,

168 3996 394 4080 palpitare,
430 3993 488 4056 hoc
525 3991 591 4054 solo
626 3990 694 4056 loco
729 3992 849 4076 legitur.
893 3992 1028 4084 Eandem
1066 3994 1123 4057 vim
1162 3991 1253 4056 habet

168 4107 346 4192 σφαδᾴζων,
383 4104 466 4189 quod
502 4102 580 4166 male
612 4103 662 4167 edi
692 4104 771 4168 solet
803 4105 868 4168 sine
898 4106 961 4169 iota
991 4105 1174 4189 subscripto.
1207 4142 1253 4155 -

168 4223 486 4302 φοινικοσκελεῖς
519 4236 576 4278 vox
608 4224 654 4278 est
683 4216 757 4280 alibi
779 4238 842 4279 non
864 4217 952 4282 lecta.
991 4217 1037 4282 of.
1061 4238 1151 4302 supra
1178 4219 1251 4280 16³.

216 4332 325 4397 1208.
342 4329 472 4410 χκλόις
503 4332 683 4406 παρεῖσα.
726 4326 832 4390 Minus
863 4335 943 4391 reete
976 4335 1097 4391 vertunt
1127 4325 1251 4410 pedes
