3112 4914
571 406 573 410 ν
602 387 859 434 conunnrnnrns.
1213 371 1273 434 173

233 586 305 650 756.
340 584 502 648 Librorum
539 584 699 648 lectionem
736 584 779 646 ita
814 582 987 646 emendavit
1022 581 1203 667 Tyrrhvvitt,
1238 592 1273 646 ut

187 706 288 760 tamen
323 697 526 760 committeret
561 695 781 780 stribliginem‚
819 717 909 779 quam
946 695 1056 758 mirum
1092 705 1138 759 est
1172 695 1273 759 fraudi

187 810 281 873 fuisse
305 809 482 886 Dindorfio‚
508 809 668 888 Nauckio,
684 849 686 852 <
703 809 876 885 Badhamo,
906 811 1030 887 ceteris,
1055 809 1136 893 quod
1162 810 1271 888 sciam,

187 923 338 988 omnibus.
372 923 443 986 Non
469 923 592 1006 quidem
617 924 724 1006 ignoro
745 923 975 986 Antiattioistae
992 921 1095 985 locum
1112 944 1178 1006 pag.
1199 924 1271 1000 117,

187 1040 246 1100 3οι
279 1041 322 1115 μὴ
353 1039 482 1114 νόμισον·
512 1039 577 1103 οὲνπὶ
601 1044 651 1102 ποῦ
674 1039 717 1114 μὴ
741 1037 866 1116 νομίσῃς.
904 1044 1058 1117 Σοφοκλῆς
1081 1044 1178 1111 Πηλεῖ
1199 1038 1271 1114 „acl

185 1150 227 1226 μὴ
243 1153 378 1229 devrad,
395 1173 486 1235 quem
507 1173 547 1213 vs.
569 1151 723 1234 integrum
740 1150 845 1213 attulit
862 1149 963 1214 Schol.
983 1151 1034 1215 Ar.
1050 1149 1170 1213 Thesm.
1188 1153 1271 1215 8⁷02

184 1267 226 1340 μὴ
257 1270 392 1343 ψεῦσον,
417 1261 437 1328 ὦ
468 1270 542 1340 Ζεῦ,
576 1265 619 1341 μή
644 1262 676 1339 μ’
699 1262 765 1343 ἕλῃς
788 1263 857 1327 ἄνευ
880 1261 971 1340 δορός,
997 1269 1211 1340 veruntamen,
1237 1272 1273 1327 ut

185 1377 386 1441 concedamus
418 1399 479 1441 non
513 1385 654 1460 corrupta
689 1376 872 1460 exemplaria
903 1376 934 1439 in
959 1398 1089 1440 errorem
1113 1376 1271 1441 induxisse
1308 1395 1310 1398 ’

185 1473 415 1572 grammaticos,
449 1465 518 1551 hoo'
539 1486 711 1570 exemplum
743 1487 786 1548 ita
818 1486 962 1549 abnorme
993 1493 1054 1562 est,
1087 1493 1123 1549 ut
1154 1485 1272 1550 ubisit

185 1602 270 1685 optio
301 1601 382 1665 inter
413 1584 455 1679 ιοίι
487 1610 581 1681 nappe
613 1609 643 1663 et
674 1602 717 1676 μὴ
747 1599 855 1680 adpre,
894 1621 983 1662 nemo
1022 1621 1114 1663 sarius
1142 1599 1201 1662 hoc
1224 1597 1272 1662 illi

185 1715 227 1778 sit
257 1714 456 1798 praelaturus.
501 1714 587 1792 Κόπῳ
618 1735 725 1777 causae
749 1713 853 1796 potius
884 1734 975 1796 quam
999 1712 1198 1775 instrumenti
1222 1719 1269 1775 est

185 1828 323 1904 dativus,
348 1829 491 1912 quoniam
516 1828 566 1891 hic
588 1835 737 1907 παρεῖναι,
771 1836 805 1888 ut
828 1848 917 1911 saepe
942 1825 1032 1903 alibi,
1058 1832 1104 1889 est
1127 1827 1270 1890 intransi-

185 1941 290 2005 tivum.
326 1939 467 2004 Ceterum
499 1940 644 2003 usitatius
675 1947 720 2003 est
753 1940 907 2023 passivum
939 1940 1091 2019 παρεῖσθαι
1123 1939 1220 2020 κόπῳ,
1246 1964 1270 2004 s.

184 2057 239 2120 ὑπὸ
270 2056 367 2120 κόπον.
413 2053 459 2119 Cf.
493 2052 604 2117 Bacch.
630 2056 693 2116 634
718 2060 749 2116 et
774 2056 855 2128 683,
881 2051 935 2116 ubi
959 2053 1028 2117 vide
1052 2053 1189 2137 exempla
1212 2055 1272 2117 col·

184 2167 262 2231 lecta
296 2165 334 2230 ab
370 2166 523 2231 Elmsleio.
560 2205 603 2216 —
637 2168 749 2257 ὀρθῶς
784 2165 944 2246 ἔλεξας,
982 2176 1091 2230 recte
1122 2190 1269 2231 mones.

184 2281 298 2345 Eadem
331 2281 483 2345 sententia
506 2281 613 2364 tragici
638 2288 788 2364 usurpant
811 2277 843 2344 εὖ
866 2303 888 2345 s.
912 2286 1009 2352 καλῶς
1033 2281 1148 2357 λέγειν,
1173 2281 1271 2346 δίκαιον
1340 2278 1344 2283 ’

183 2395 298 2470 λέγειν,
323 2392 420 2469 λέγειν
442 2394 552 2474 dandal,
577 2392 690 2467 ἔνδικοι,
715 2393 780 2457 alia.

232 2510 304 2572 751.
337 2510 403 2572 οὐκ
433 2508 486 2577 εἰς
518 2505 725 2577 aerternae.
762 2505 834 2570 Non
862 2508 899 2570 de
924 2507 1100 2572 nominibus
1126 2509 1269 2572 vitiorum

184 2623 318 2686 confusis
343 2622 541 2706 cogitandum
566 2643 630 2686 esse
653 2645 721 2685 cum
746 2622 941 2706 Mnsgravio,
967 2625 1020 2707 qui
1043 2625 1185 2695 dvrr‘rrovc
1209 2625 1271 2688 dic·

183 2744 249 2799 tum
282 2759 346 2801 esse
374 2745 477 2799 censet
501 2759 554 2820 pro
578 2714 759 2815 οὶχοιρῖσπονς
783 2737 830 2801 vel
854 2737 1045 2822 ἀγνώμονος,
1071 2738 1171 2820 quivis
1196 2739 1271 2802 mihi

184 2849 274 2913 hodie
309 2850 464 2912 concedet.
512 2848 591 2913 Nam
625 2852 650 2912 si
684 2850 757 2913 haec
789 2850 897 2914 luisset
928 2858 1035 2935 poetae
1063 2874 1166 2927 mens,
1191 2852 1270 2915 nihil

184 2960 326 3026 obstabat
357 2963 522 3045 quominus
545 2961 689 3026 scriberet
713 2966 763 3027 οὐκ
786 2965 814 3033 ἐς
838 2964 1036 3042 ἀχαρίστους,
1061 2963 1145 3048 quod
1168 2964 1269 3047 ipsum

184 3075 313 3139 coniecit
339 3075 517 3138 Heimsoeth
542 3075 672 3139 etmihi
696 3097 819 3160 quoque
843 3076 926 3138 venit
949 3075 980 3139 in
999 3084 1147 3150 mentem,
1165 3072 1269 3138 habet-

183 3211 244 3274 que
267 3189 383 3273 aliquid
408 3188 678 3252 commendationis
702 3211 719 3251 a
739 3211 913 3272 praegresso
936 3190 1055 3264 πιστόν,
1080 3188 1163 3274 quod
1180 3187 1268 3252 facile

183 3302 371 3386 corruptelae
403 3323 505 3364 ansam
538 3301 610 3365 dare
640 3302 751 3386 potuit.
790 3303 936 3366 Attamen
963 3301 1042 3365 nihil
1066 3301 1264 3378 mut-andum,

183 3415 273 3478 modo
304 3417 446 3486 οὶπίσπους
469 3416 705 3498 interpretemur
728 3436 790 3478 nou
813 3414 1036 3491 infideles,
1061 3436 1117 3478 nec
1140 3415 1269 3477 imme-

183 3550 311 3594 mores
345 3528 442 3613 (quod
475 3529 573 3592 visum
605 3536 649 3591 est
682 3527 889 3608 Hermanno),
921 3528 973 3591 sed
1002 3527 1267 3604 incredulos,

182 3641 306 3704 fidem
337 3663 412 3704 non
442 3641 661 3718 habentes,
687 3641 724 3704 de
749 3663 809 3725 qua
832 3648 982 3725 potestate
1004 3640 1073 3703 vide
1097 3639 1267 3703 Porsonum

182 3754 219 3817 ad
244 3752 363 3817 Hecub.
387 3756 520 3818 luat-et
536 3752 771 3818 Valckenarium
793 3753 831 3817 ad
848 3753 960 3818 Herod.
979 3753 1034 3828 VI,
1055 3757 1128 3816 108.
1153 3751 1269 3831 Quae-

183 3889 353 3951 cumque
376 3844 477 3932 enim
503 3868 614 3931 laeta
637 3876 750 3946 sunt,
778 3867 974 3931 mortales
999 3867 1125 3931 facile
1148 3866 1268 3930 credi·

182 4004 284 4047 mus·
312 3982 470 4046 Demosth.
502 3980 629 4065 Olynth.
662 3981 732 4057 III,
765 3983 782 4065 q
813 3985 852 4044 19
883 3978 897 4044 ὃ
927 3983 986 4060 γὰρ
1007 3980 1267 4057 βούλεποιι,·ποῦθ’

182 4094 304 4166 ἕκαστος
334 4096 383 4160 uui
416 4096 522 4170 clerae,
551 4094 592 4158 τοὶ
621 4095 651 4158 δὲ
677 4094 850 4175 apotastare
872 4095 1016 4170 notarium
1039 4095 1098 4172 οὐχ
1119 4091 1191 4157 οὕτω
1215 4093 1267 4157 πέ-

181 4216 281 4289 φυκεν.
317 4206 408 4287 Quod
434 4206 567 4292 Elmsley
592 4207 629 4270 ad
654 4207 737 4272 Med.
763 4209 825 4269 865
850 4207 961 4271 tacitus
985 4207 1139 4290 rescripsit
1161 4205 1266 4286 χάριν,

183 4323 239 4385 hac
263 4321 394 4385 admissa
417 4320 685 4404 interpretatione,
712 4320 822 4383 falsum
847 4342 911 4384 esse
930 4320 1097 4406 intelleges.
1122 4318 1267 4385 Ceterum
