3112 4914
588 373 842 417 connumeratus,
1196 354 1258 418 129

167 569 415 652 accipiatur,
452 589 567 650 quam
602 567 704 652 (eum
740 566 836 648 tibi)
870 565 1143 650 exponebam
1178 587 1256 649 quae

168 681 320 746 scribendi
345 682 423 744 ratio
447 682 665 765 perspicuitate
689 681 772 743 illam
785 681 882 764 tange
902 689 1066 763 superaret.
1095 678 1254 743 Vocabula

168 796 272 880 λίνος,
296 796 384 872 μῦθος
410 802 440 857 et
464 794 530 865 ἔντος
547 817 637 878 saepe
653 794 768 858 Graece
785 794 856 878 poni
874 816 928 878 pro
944 793 1135 858 sermonis
1152 815 1255 877 argu·

169 921 318 984 mento,
345 929 523 991 requam
553 907 807 997 exponimus,
836 906 926 991 pauci
948 907 1100 991 ignorant.
1125 907 1175 969 Ad
1193 904 1255 982 ἐξε-

167 1021 276 1086 λίσσειν
295 1021 332 1084 cf.
353 1020 460 1104 Suppl.
480 1023 539 1084 141
557 1021 594 1083 σὺ
610 1021 633 1082 δ’
646 1018 869 1094 ἐξελίσσεις
886 1025 946 1090 πῶς
962 1020 1023 1083 θεοῦ
1039 1019 1252 1096 terricum

213 1137 388 1197 398-400
420 1134 467 1197 νίν
490 1139 668 1209 γννοιικῶν
696 1132 896 1208 mulierum
924 1132 1121 1212 conditic,
1145 1133 1256 1197 ratio.

169 1249 216 1314 Ad
242 1249 424 1312 sententiam
449 1268 589 1330 compara
612 1247 716 1330 fragm.
743 1249 818 1323 490,
841 1251 859 1309 2
881 1269 947 1330 sqq.
964 1248 996 1310 οιὶ
1009 1247 1068 1327 γὰρ
1085 1253 1251 1326 οφοολεῑοοοι

167 1369 264 1427 νοοῖοιν
276 1364 326 1425 οὐκ
344 1362 546 1435 ἐσφαλμένοις
567 1358 573 1446 Ι
593 1355 699 1439 οἷοχοο
719 1358 834 1435 νονοοιξί
850 1359 900 1424 aa}
918 1362 1098 1425 κεκοίνωντοιι
1115 1361 1209 1439 ψόγον
1230 1360 1235 1447 Ι

169 1483 236 1546 τοῖς
260 1479 290 1538 οὐ
315 1481 450 1537 κενοῖσιν
473 1473 504 1536 ai
528 1472 626 1538 κοικοιί.
653 1471 699 1536 Of.
724 1472 842 1537 Hecub.
866 1477 968 1550 1184,
989 1473 1072 1538 Med.
1091 1476 1153 1537 230
1168 1496 1253 1558 sqq.,

168 1589 274 1672 fragm.
302 1591 397 1663 1045,
421 1586 507 1669 quod¹
528 1586 599 1650 inde
625 1609 641 1648 a
666 1609 707 1651 vs.
731 1590 785 1650 dte
807 1585 998 1651 aicinlibris
1019 1587 1253 1670 scriptumest:

258 1700 328 1764 ἀλλ’
351 1700 427 1764 οὐδὲν
450 1697 521 1763 οὕτω
545 1698 630 1764 δεινὸν
651 1701 688 1772 ὥς
712 1702 785 1776 γυνὴ
809 1700 914 1765 κοινόν
1035 1788 1038 1793 Δ

257 1815 313 1879 οὐδ’
336 1811 372 1877 tu
395 1815 550 1889 γένοιτο
572 1811 704 1893 mappa
727 1812 865 1878 τοιοῦτ’
890 1816 925 1878 ε’ν
948 1822 1097 1896 νοοοφῇ,

257 1928 312 1991 οὐδ’
337 1926 373 1991 dcv
400 1926 488 2002 λόγος
512 1925 627 2002 δείξειεν
649 1928 710 1993 ari.

214 2039 354 2105 Nauckii
370 2040 517 2105 correctio
541 2046 664 2105 τοιοῦτον
686 2047 802 2122 recepe?
822 2049 857 2103 ut
880 2040 924 2103 ibi
948 2040 1079 2105 sufficiat
1101 2040 1189 2105 valde
1209 2063 1257 2105 re·

169 2177 243 2218 reor.
268 2153 383 2217 Verum
409 2176 473 2216 esse
497 2154 650 2238 suspicor:

258 2265 328 2331 ἀλλ’
353 2267 429 2332 οὐδὲν
452 2264 523 2331 οἱίνιο
547 2266 632 2332 δεινὸν
655 2269 691 2338 ὥς
714 2269 787 2344 γυνὴ
810 2267 917 2345 κοοιοίν,

258 2380 315 2445 οὐδ’
339 2380 381 2447 ίιν,
398 2380 560 2458 γένοιτ’·
585 2383 622 2446 οὐ
645 2379 777 2461 apoteca
799 2389 920 2464 τοῖον,
946 2384 981 2446 οὐ
1006 2384 1160 2466 γοοιφῆ,
1258 2423 1261 2428 -

185 2578 187 2583 Α
258 2499 319 2561 οὐκ
346 2494 382 2559 ίιν
406 2498 493 2572 λόγος
517 2493 633 2571 δείξειεν
656 2498 716 2560 cri.

171 2611 219 2672 At
242 2608 401 2672 nullum
425 2610 512 2693 (est)
538 2620 613 2672 tam
639 2609 926 2693 grave'malum
950 2633 1063 2693 quam
1088 2613 1253 2688 mulier,

171 2744 241 2784 nec
272 2721 367 2784 fieri
400 2728 553 2804 potest:
587 2743 663 2784 non
696 2719 818 2798 liber,
852 2745 928 2785 non
957 2723 1101 2788 tabula
1124 2726 1252 2808 picta,

171 2857 246 2898 non
272 2835 407 2897 oratio
430 2832 514 2896 talc
538 2835 614 2918 (tam
639 2857 729 2917 grave
751 2835 879 2919 malum)
902 2836 1112 2915 ostendat,
1136 2844 1208 2901 cett.

216 2950 291 3012 401.
316 2947 674 3027 προσφθεγμάτων.
708 2946 753 3017 De
778 2947 835 3011 hoc
859 2949 910 3032 pio
927 2971 1010 3013 more
1026 2951 1256 3015 adventantium

51 3074 53 3078 '
172 3060 243 3123 deos
269 3060 382 3144 primos
407 3059 559 3124 salutandi
583 3060 618 3124 cf.
644 3060 754 3124 Aesch.
779 3062 835 3144 Ag.
856 3064 918 3124 509
934 3084 1008 3145 sqq.,
1027 3066 1090 3126 810
1108 3086 1167 3147 sq.;
1184 3063 1258 3128 Eur.

174 3171 214 3234 H.
240 3170 273 3235 F.
298 3175 378 3249 609;
403 3171 503 3236 Plaut.
531 3172 682 3257 Amphitr.
706 3172 733 3250 I,
759 3177 787 3249 1,
815 3176 872 3251 323
892 3173 1035 3241 Bacchid.
1053 3175 1096 3256 11,
1115 3177 1207 3254 1311,
1226 3181 1256 3254 3,

175 3287 257 3362 113;
281 3284 377 3349 Stich.
404 3288 478 3362 534,
504 3289 579 3349 663.
604 3285 748 3348 Sollenne
773 3292 818 3348 est
836 3285 891 3349 hac
907 3286 938 3350 in
958 3310 989 3351 re
1008 3289 1132 3352 verbum
1153 3313 1258 3369 προσοι-

173 3399 308 3477 νορειίειν.
333 3398 514 3462 Salutabant
538 3398 766 3481 adorabantque
787 3399 859 3462 deos
885 3408 999 3464 veteres
1023 3410 1131 3485 ¹operto
1152 3403 1258 3486 capite.

173 3509 218 3574 cf.
242 3511 344 3575 araur.
369 3510 542 3596 empna,
571 3515 598 3588 1,
623 3516 679 3591 οι,
705 3511 909 3589 durorum,
928 3516 957 3589 a,
981 3517 1029 3591 ra,
1047 3497 1260 3598 1111111114-

174 3632 281 3707 pretes.

219 3740 294 3801 404.
326 3736 508 3817 ἀφίγμην
536 3737 633 3808 uste
664 3738 870 3816 μέριμναν.
902 3738 1015 3804 Bacch.
1039 3743 1103 3803 610
1128 3741 1167 3811 είς
1190 3742 1259 3804 ddu-

173 3851 244 3928 ιοίοον
267 3851 419 3934 οὶφίκεοίε.
444 3851 488 3914 cf.
513 3850 582 3935 Iph.
609 3852 644 3915 A.
669 3854 744 3927 453,
770 3851 885 3917 Phoen.
906 3854 981 3929 361,
1000 3861 1070 3916 cett.
1095 3853 1257 3918 1111111583

175 3963 213 4033 είς
238 3963 391 4044 φροντίδος
415 3966 443 4028 τ’
466 3964 607 4037 driades.
635 4000 679 4010 —
705 3963 846 4042 μέριμνοιν
869 3989 911 4022 =
936 3965 1081 4040 crivecuer,
1107 3967 1260 4030 medita·

174 4078 327 4140 tionem.
356 4077 401 4140 De
426 4078 552 4142 veritate
575 4076 801 4140 Badhamianae
826 4062 1047 4142 emendationis
1063 4102 1152 4143 nemo
1168 4102 1260 4142 sanus

175 4187 339 4253 dubitabit.

219 4304 292 4365 405.
325 4303 364 4366 ἑκ
394 4303 629 4386 Τροφωνίου.
665 4302 711 4368 Of.
742 4303 822 4385 iufra
855 4306 916 4371 787
942 4305 974 4369 ἐκ
998 4306 1078 4385 θεοῦ,
1100 4306 1260 4372 nisifcrte

1145 4421 1160 4474 9
