3112 4914
250 388 316 458 254
421 448 422 452 ,
575 407 724 453 nonnum
748 409 786 453 nr
810 410 1010 456 concionum
1040 471 1042 474 y

248 603 285 668 ad
310 627 353 670 vs.
401 605 451 670 86.
476 602 629 668 Parnasus
654 601 791 669 fontibus
814 611 935 669 scatens
958 603 1029 689 Iph.
1053 603 1089 670 Τ.
1109 607 1195 670 1242
1217 628 1253 671 ex
1271 606 1340 691 pul·
1451 697 1454 701 ι

470 717 543 783 chra
567 716 671 782 Weilii
694 716 923 796 emendatione,
946 719 1050 800 ματέρ’
1073 723 1112 792 εἰς
1136 742 1191 806 pro
1214 723 1338 802 μωτήρ,

369 826 370 829 “
469 839 596 896 vocatur
617 829 774 897 ἀστάκτων
797 834 895 912 aarbp
920 833 1041 898 idcireo.

289 994 309 1024 „
395 948 447 1012 89.
471 944 517 1009 De
543 945 664 1030 myrrha
686 945 856 1030 celerisque
879 946 1060 1013 suffimentis
1077 949 1116 1013 cf.
1135 948 1251 1015 Herod.
1271 948 1336 1026 III,

470 1061 531 1126 107
550 1081 616 1144 sqq.

288 1224 309 1254 ‚‚
377 1179 446 1242 lat.
470 1174 625 1240 Brevitate
637 1174 682 1239 fui
694 1173 861 1241 obscurior.
877 1173 1016 1240 Verbum
1029 1174 1210 1252 ἀποκάμνειν
1220 1182 1336 1241 utram·

468 1311 528 1374 que
553 1287 645 1352 habet
667 1294 867 1366 structuram,
893 1288 945 1352 sed
971 1311 1063 1353 sensu
1088 1290 1175 1354 valde
1198 1289 1333 1354 diverso.

468 1402 553 1489 Quid
585 1403 666 1467 inter
690 1411 849 1488 utramque
872 1404 1010 1481 intersit,
1035 1401 1194 1488 apparebit
1217 1404 1333 1468 collato

467 1517 534 1581 loeo
550 1516 688 1582 Platonis
705 1515 781 1602 Rep.
797 1516 854 1595 IV,
872 1543 902 1605 p.
915 1521 979 1583 141)
993 1517 1158 1585 Becaren
1170 1558 1216 1570 -
1227 1521 1258 1585 οὐ
1273 1522 1334 1601 χρὴ

469 1629 711 1708 ἀποκάμνειν,
739 1630 791 1695 ubi
815 1631 992 1697 Infinitivus
1016 1640 1061 1696 est
1084 1613 1210 1701 omnino
1230 1656 1333 1699 neces-

465 1746 578 1825 sarius,
594 1746 620 1836 si
636 1745 759 1831 quidem
776 1745 820 1810 ibi
833 1744 959 1810 verbum
973 1746 1124 1831 signifieat
1141 1747 1332 1812 desistere

453 1882 483 1923 ⁴a
505 1858 678 1923 conando
701 1859 740 1923 id
764 1859 902 1938 facere,
927 1859 1026 1943 quod
1043 1860 1203 1925 nondum
1220 1860 1331 1936 faeie,

464 1973 603 2063 iunctum
629 1994 700 2036 vero
724 1994 794 2037 cum
818 1973 1002 2058 Partioipio,
1026 1996 1088 2060 quo
1107 1974 1158 2038 hic
1173 1997 1249 2060 opus
1266 1981 1330 2052 est,

465 2086 633 2170 significat:
664 2086 871 2151 desistere
901 2110 920 2151 a
946 2072 1136 2152 iaciendo
1159 2088 1198 2151 id
1223 2088 1330 2173 quod

463 2201 532 2265 iam
556 2200 657 2266 facie.
684 2199 730 2266 Of.
754 2199 828 2266 ibid.
852 2200 891 2279 V,
917 2226 946 2288 p.
970 2204 1034 2266 450
1052 2200 1088 2266 (l.
1114 2201 1150 2265 In
1174 2201 1242 2265 loco
1261 2200 1330 2264 cri-

463 2315 545 2379 tonis
572 2313 658 2378 45ss
681 2296 758 2378 nihil
783 2314 842 2378 iam
867 2300 1051 2379 mutandum
1075 2337 1139 2378 esse
1163 2313 1291 2379 videbis.
1357 2377 1359 2380 ,

283 2432 332 2508 ,,’
371 2430 441 2494 136.
465 2427 559 2513 Soph.
589 2429 663 2493 Ant.
699 2430 782 2492 1149
813 2436 884 2492 παῖ
903 2412 988 2497 nile
1011 2414 1144 2505 revelaa
1166 2450 1227 2492 non
1253 2428 1327 2492 sim·

460 2541 552 2627 plici,
577 2541 629 2605 sed
650 2541 769 2626 duplici
784 2539 902 2606 laborat
917 2542 1108 2627 glossemate.
1133 2540 1240 2606 Fuisse
1258 2564 1324 2606 aus·

460 2656 546 2740 picor
568 2661 619 2720 τοῦ
643 2655 730 2731 Ζηνὸς
753 2655 896 2734 γένεθλον.

280 2818 300 2848 ,,
364 2773 428 2835 154
452 2792 518 2856 sqq.
543 2769 688 2854 Magnam
708 2769 861 2855 hodieque
877 2770 909 2834 in
925 2769 1060 2833 Parnaso
1073 2792 1138 2834 esse
1150 2769 1323 2854 aquilarum

459 2884 677 2967 cornicumque
708 2884 825 2968 copiam
859 2882 948 2947 docet
980 2901 1129 2960 uomens,
1159 2883 1272 2948 Retron
1294 2905 1324 2948 u.

462 2999 590 3063 Ferret.
612 3002 644 3061 in
669 2997 726 3063 Gr.
749 2995 822 3061 VH.
848 3019 876 3081 p.
904 2998 975 3062 110.

277 3161 297 3191 ,,
362 3115 424 3178 187
450 3134 516 3196 sqq.
553 3112 599 3175 De
631 3110 755 3175 oraculo
788 3109 939 3195 Delphico
971 3108 1121 3195 peculiari
1149 3108 1230 3173 libro
1260 3111 1324 3194 egit

456 3244 540 3290 euro.
556 3231 672 3303 obern,
689 3227 745 3289 dne
763 3226 946 3310 Delphioete
957 3225 1070 3300 arohel,
1083 3221 1211 3307 Leipzig
1228 3225 1322 3288 18311.

232 3322 269 3403 ad
277 3340 437 3424 not.p.97.
457 3337 505 3403 of.
522 3337 643 3402 tabulae
666 3338 903 3423 topograpbioae
923 3336 957 3403 0.
974 3336 1011 3403 O.
1033 3336 1159 3401 Miilleri
1171 3346 1239 3422 post
1251 3336 1322 3401 Pin·

456 3451 563 3516 darum
589 3451 705 3517 editum
729 3474 747 3516 a
770 3452 923 3518 Dissenio.

230 3566 267 3630 ad
292 3588 334 3631 vs.
359 3568 433 3631 225.
456 3564 554 3630 Pecus
586 3565 734 3630 sacrificio
765 3565 952 3630 destinatum
985 3561 1166 3649 pascebatur
1189 3562 1219 3626 in
1241 3582 1320 3645 agro

453 3678 625 3756 Oirrhmsi,
650 3701 740 3765 quem
758 3679 1017 3763 Amphictyonum
1035 3676 1157 3740 decreto
1174 3683 1244 3760 post
1259 3675 1320 3760 pri·

452 3815 536 3857 mum
566 3792 682 3858 bellum
711 3804 829 3856 sacrum
856 3789 993 3875 Apollini
1017 3788 1191 3852 dedicatum
1215 3809 1317 3871 neque
1450 3833 1452 3838 ·

315 3904 317 3908 '
452 3906 528 3970 arari
551 3928 650 3992 neque
675 3905 792 3969 conseri
814 3904 859 3968 fas
884 3910 956 3966 erat.
981 3899 1027 3966 cf.
1048 3888 1160 3977 Grote,
1184 3900 1322 3985 Hicteff

452 4020 509 4086 Gr.
532 4019 588 4098 IV,
614 4023 653 4082 61
673 4040 719 4103 sq.

272 4182 292 4211 „
356 4136 428 4199 233.
454 4132 542 4198 Adde
573 4132 651 4197 Plat.
683 4129 798 4194 Phaed.
831 4149 926 4213 prope
957 4126 1067 4203 finem,
1090 4124 1203 4210 ibique
1226 4123 1318 4209 wyt-

463 4247 604 4311 tenbaoh.

269 4415 289 4449 „
352 4369 426 4431 295.
458 4362 551 4447 Sopb.
582 4359 664 4424 Phil.
701 4361 761 4422 105
794 4356 896 4420 eadem
924 4355 968 4451 yde
999 4351 1090 4456 causa
1113 4353 1235 4437 requiro
1258 4353 1314 4424 ἰούς
