3112 4914
279 348 340 414 170
691 375 943 419 conmonuemus.

323 568 394 630 722.
419 565 561 631 Admissa
583 566 716 632 Nauckii
740 569 913 634 coniectura
934 569 1018 645 ξένων
1042 593 1097 653 pro
1120 569 1225 641 ξενικόν
1246 578 1276 634 at
1293 593 1360 635 cor·

276 687 359 743 recto
379 680 474 743 simul
491 690 618 745 accentu
635 682 774 757 εἰσβολῶν
798 705 850 766 pro
869 683 1009 760 εῖσβνλνὶν
1027 683 1191 766 probabilis
1215 684 1288 747 haec
1309 706 1361 748 na·

276 788 373 856 scitur
396 795 560 858 sententia:
585 818 668 859 nam
694 797 727 858 si
752 796 803 877 (ab
820 773 976 880 hostibus)
1000 815 1220 880 urgeretur
1245 796 1360 873 urbs,

278 906 443 969 haberet
478 917 752 991 praetextum,
789 932 858 974 cur
893 911 1136 993 peregrinos
1173 911 1362 974 admitte-

277 1030 393 1084 reret.
430 1021 547 1085 Deinde
570 1024 677 1086 audaci
701 1025 876 1087 coniectura
899 1022 936 1086 de
961 1045 1027 1087 meo
1049 1025 1171 1108 reposui
1192 1026 1274 1107 quod
1291 1047 1362 1089 con-

278 1140 379 1195 textus
414 1133 573 1218 imperiose
610 1157 732 1219 poscere
771 1136 846 1198 mihi
881 1137 1022 1200 videtur:
1060 1135 1232 1200 sufficit
1268 1160 1362 1202 vero

278 1255 384 1309 vetus
408 1247 473 1311 illa
496 1250 736 1332 (peregrinorum
761 1249 933 1332 admissio),
960 1271 1069 1332 quum
1090 1272 1243 1334 regnum
1265 1257 1364 1315 tene·

280 1358 339 1422 bat
362 1361 608 1438 Erechtheum
634 1361 764 1426 Creusae
782 1371 875 1446 pater,
896 1363 950 1447 qui
966 1361 1048 1426 bello
1065 1385 1185 1445 pressus
1203 1362 1253 1438 (cl.
1272 1386 1365 1448 supra

279 1476 358 1559 296)
382 1473 523 1538 Xuthum
547 1476 579 1538 in
603 1476 755 1539 civitatem
780 1475 960 1551 admiserat,
986 1475 1068 1538 unde
1091 1497 1175 1539 nunc
1190 1476 1261 1540 illae
1277 1458 1364 1541 lacri-

278 1588 359 1650 mae!
398 1587 577 1652 Coniecerat
608 1589 680 1652 olim
704 1589 839 1672 Scaliger
862 1585 929 1659 dara
952 1587 1019 1659 ἅλις
1043 1592 1056 1654 6
1079 1589 1187 1667 πάρος,
1214 1589 1364 1653 Matthiae

278 1698 345 1772 dau
376 1701 461 1776 diam,
494 1704 506 1766 ν’
538 1702 627 1782 πάρος
658 1701 733 1780 ποτ’,
766 1701 878 1766 (lanter
907 1699 974 1771 ἅλις
1005 1701 1063 1766 ἔσθ’
1095 1704 1108 1766 ὁ
1140 1703 1246 1782 πάρος,
1278 1701 1365 1767 Mus-

278 1836 368 1896 gravc
399 1808 465 1885 dau
493 1810 529 1887 ἇς
554 1816 587 1879 τὸ
609 1816 698 1895 πάρος
722 1815 870 1896 (ἀρχαγὸς
896 1811 958 1898 ἦν),
983 1815 1148 1879 Kirohhoff
1168 1815 1234 1887 ν’έλνς
1258 1813 1324 1888 ἅλις
1351 1817 1364 1881 d

279 1925 396 2008 πάροιθ’,
430 1928 564 1991 Diodori
591 1929 680 2000 c‘iarac
712 1926 802 2000 ἅλνννς
835 1930 848 1992 ὃ
879 1928 985 2011 πάρος,
1022 1927 1190 1992 obtrudens
1222 1929 1365 2013 Euripidi

280 2040 406 2103 formam
443 2041 702 2126 Hippodameam,
738 2041 891 2105 Hermann
921 2042 1053 2126 denique
1080 2040 1147 2112 ν’ὶλνς
1170 2043 1194 2105 δ’
1217 2045 1231 2107 o‘
1254 2042 1343 2120 adcor
1355 2090 1364 2119 ,

223 2167 225 2172 “
279 2177 409 2238 quarum
432 2156 636 2219 coniecturam
660 2155 819 2220 manifesto
842 2156 930 2218 nulla
954 2155 1109 2219 satisfacit.
1144 2155 1233 2219 Solus
1256 2155 1365 2218 horum

280 2268 412 2333 virorum
437 2268 600 2354 Mus'grave
623 2278 729 2352 poetae
753 2269 815 2333 fere
839 2278 971 2333 mentem
990 2277 1148 2333 assecutus
1165 2269 1294 2345 videtur,
1312 2268 1365 2331 sed

280 2391 315 2446 ut
351 2391 415 2446 erat
445 2382 498 2446 illa
525 2392 606 2446 aetas
634 2384 776 2447 metricae
800 2384 874 2447 artis
899 2383 1108 2466 ignotissima,
1133 2383 1223 2447 verba
1247 2382 1367 2465 assequi

280 2517 341 2558 non
374 2496 486 2579 potuit.
523 2495 678 2575 Ἀρχνινός
711 2496 761 2559 hic
785 2508 820 2559 ut
844 2495 965 2578 saepius
989 2493 1063 2557 alibi
1086 2494 1203 2556 dictum
1228 2515 1283 2577 pro
1307 2491 1367 2567 βαν-

281 2609 376 2678 σνλεύς
404 2608 487 2671 velut
512 2608 621 2672 Aesoh.
647 2611 703 2692 Ag.
730 2611 804 2684 266,
823 2607 929 2690 Eurip.
953 2606 1368 2690 Iph.T.130lt.Musgrave

282 2722 433 2804 accepisse
465 2721 586 2786 videtur
617 2744 671 2805 pro
704 2728 889 2796 auctore,
923 2741 983 2801 qua
1009 2724 1159 2802 potestate
1185 2717 1367 2781 vocabulum

282 2855 350 2897 cum
375 2834 442 2898 aliis
465 2833 608 2898 adhibuit
630 2834 803 2917 Xenophon
829 2833 908 2896 Hell.
934 2831 996 2908 ΙΙΙ,
1022 2839 1040 2895 3
1065 2834 1081 2916 q
1106 2835 1133 2895 5.
1158 2831 1217 2894 sed
1237 2833 1280 2894 ita
1296 2831 1367 2894 scri·

282 2946 353 3011 here
376 2947 540 3024 debuerat,
567 2956 602 3010 ut
626 2955 722 3010 metro
746 2947 906 3009 satisfieret
918 2971 929 3007 :-

505 3057 572 3131 ἅλις
595 3059 618 3123 δ’
638 3056 681 3130 ἇς
705 3059 887 3141 πάροιθεν
911 3059 1048 3138 ἀρχαγὸς
1073 3055 1112 3132 ἦν

505 3169 658 3248 Ἐρεχθεὺς
682 3166 760 3242 ἄναξ

283 3285 365 3369 quod
390 3284 467 3348 mihi
490 3293 591 3346 tamen
615 3283 719 3362 miuus
741 3280 840 3364 placet
865 3303 954 3363 quam
979 3280 1011 3343 id
1035 3279 1117 3363 quod
1142 3279 1277 3362 reposui.

330 3402 403 3462 725.
437 3397 616 3474 πνννδνιγώγ’.
655 3397 901 3481 Magnificentius
930 3393 1013 3457 Med.
1039 3375 1230 3457 cortanna
1254 3392 1368 3456 cacat.

331 3516 403 3576 726.
428 3513 480 3576 Vs.
497 3513 635 3596 spurium
653 3513 756 3575 notavi
780 3513 947 3593 Varalupea
963 3506 1020 3584 lv,
1039 3513 1068 3588 2,
1086 3529 1154 3591 pag.
1173 3509 1244 3572 178.
1261 3504 1370 3588 Nuper
1438 3491 1443 3506 ’

284 3625 444 3689 Wecklein
475 3626 559 3690 saud.
590 3649 614 3689 z.
643 3627 721 3689 Eur.
746 3624 876 3689 correxit
899 3621 935 3686 ὢν
958 3618 1017 3686 τόθ’
1042 3643 1097 3706 pro
1120 3619 1209 3690 ὄντος.
1236 3618 1303 3682 ,Vel
1327 3619 1370 3680 sic

283 3747 384 3802 tamen
402 3740 569 3803 versiculus
586 3741 774 3823 ineptissime
795 3737 940 3802 abundat.
966 3735 1064 3815 Quasi
1081 3756 1150 3798 vero
1167 3732 1282 3797 mortui
1297 3752 1366 3816 pae-

283 3853 421 3935 dagogus
445 3875 509 3916 esse
532 3853 697 3936 potuisset!
724 3850 771 3915 cf.
795 3850 905 3915 Electa.
923 3853 998 3928 267,
1015 3848 1124 3912 allatus
1141 3869 1159 3910 a
1175 3843 1364 3909 Weckleino.

329 3970 402 4031 728.
425 3966 468 4038 ὥς
492 3989 555 4042 μοι
579 3969 754 4046 σννησθῇ.
793 3969 833 4028 At
857 3974 962 4028 contra
984 3965 1010 4026 ei
1035 3961 1230 4047 paedagogus
1253 3973 1363 4023 cutav-

169 4160 171 4165 ,
284 4084 443 4171 caddonac
474 4104 544 4146 mox
577 4084 639 4179 608
657 4073 722 4165 sqq.
759 4080 806 4143 Ad
838 4101 929 4162 quam
959 4100 1021 4141 ram
1045 4086 1134 4161 poeta
1158 4082 1361 4158 spectatorum

283 4197 400 4260 animos
424 4197 483 4260 iam
508 4205 665 4280 praeparat
690 4194 721 4258 in
746 4195 820 4277 ipsis
845 4190 1044 4276 sequentibus
1070 4194 1143 4254 731.

331 4311 404 4374 729.
429 4310 559 4374 παίδων
581 4309 697 4388 νοννὶς.
722 4306 801 4370 Vide
821 4327 913 4390 supra
930 4308 1003 4369 328:
1030 4303 1076 4368 Of.
1090 4303 1172 4390 Med.
1187 4305 1260 4379 721,
1275 4304 1370 4365 1136.
