3112 4914
252 356 318 420 240
668 377 921 425 couunnrnmus.

248 569 467 635 vocabulorum
500 569 641 651 εὔστοχος
674 580 704 635 et
739 575 887 655 εὐστόχως
917 597 979 639 non
1004 578 1076 639 novi
1107 577 1245 662 exempla
1269 579 1339 645 Pla·

249 692 321 749 tone
352 687 535 769 antiquiora.
575 685 620 751 Of.
652 685 748 772 Legg.
783 687 864 765 VII,
900 691 1014 756 7921)
1043 701 1072 756 et
1097 692 1176 773 XII,
1193 698 1264 758 uuo
1291 695 1337 771 B,

248 800 321 863 dum
351 799 476 864 verbum
501 802 654 880 εὐστοχεῖν
677 824 738 865 non
764 824 921 868 occurrere
938 805 1059 870 videtur
1076 816 1147 870 anto
1163 807 1338 892 Polybium.

248 913 286 978 Iu
319 915 555 978 Phoenissarum
579 916 663 979 exitu
688 924 850 1000 postquam
874 917 1023 1001 gloriatus
1047 928 1092 984 est
1116 919 1255 1006 Oedipus
1279 945 1338 987 sua

247 1029 278 1093 in
303 1028 448 1093 solvendo
472 1030 641 1112 aenigmate
665 1030 818 1108 sollertia,
846 1031 1010 1116 respondet
1036 1034 1209 1118 Antigone:
1234 1043 1337 1117 Σφιγ-

245 1145 298 1220 γὸς
326 1142 489 1224 ἀναφέρετε
512 1143 628 1216 ὄνειδος·
652 1141 759 1221 braye
783 1146 824 1209 τοὶ
848 1145 938 1225 τούρος
961 1149 1208 1227 εὐτυχήματ’
1231 1151 1334 1216 αὐδῶν.

246 1254 312 1319 Nec
344 1277 414 1319 vero
442 1254 594 1338 estquod
622 1255 784 1339 impediat,
810 1259 975 1341 quominus
1000 1259 1092 1325 verbo
1119 1265 1255 1343 εὐτυχεῖν
1279 1263 1330 1328 hic

245 1344 372 1434 eandem
399 1369 570 1433 tribuamus
599 1369 773 1447 notionem,
802 1394 893 1454 quam
922 1371 1035 1438 habere
1065 1375 1160 1439 solet:
1192 1399 1236 1441 an
1261 1379 1334 1442 hac

244 1494 404 1549 tantum
430 1482 468 1546 in
492 1505 531 1546 re
556 1483 636 1567 (soil.
662 1483 840 1568 divinanda)
861 1485 961 1550 felix
985 1487 1046 1551 est

292 1602 386 1663 1428.
417 1595 550 1678 δώρημ’
580 1595 756 1669 Ἀθάνας.
800 1598 871 1663 Non
907 1601 951 1664 ita
982 1602 1092 1667 mirum
1126 1612 1172 1666 est
1203 1603 1330 1682 Ionem,

243 1713 380 1800 quamvis
406 1711 510 1796 procul
533 1711 570 1775 ab
594 1712 699 1775 Attica
723 1714 889 1791 nutritum,
907 1714 1017 1780 callere
1034 1717 1208 1782 Atticorum
1229 1741 1328 1782 mores

242 1838 335 1913 atque
357 1826 493 1907 fabulas,
519 1825 591 1909 quia
615 1825 757 1909 frequens
781 1836 845 1891 erat
871 1827 998 1914 Delphis
1022 1840 1148 1914 propter
1167 1815 1326 1896 oraculum

244 1965 313 2007 cum
347 1949 413 2005 tota
441 1939 569 2004 Graecia
597 1942 824 2006 commercium.
863 1941 894 2004 Si
926 1944 996 2026 quis
1027 1951 1127 2009 tamen
1153 1945 1231 2009 hanc
1254 1947 1330 2010 inti·

241 2079 322 2122 mam
341 2055 537 2120 minimarum
553 2077 654 2118 rerum
671 2055 877 2139 cognitionem
895 2055 1065 2134 mirabitur,
1085 2081 1187 2123 secum
1206 2068 1329 2144 reputet

241 2180 357 2236 veteres
382 2175 486 2254 poetas
510 2168 583 2232 talia
606 2191 668 2232 non
693 2169 780 2233 auxie
805 2191 918 2235 curare.
951 2171 1026 2235 Post
1049 2171 1176 2244 Ἀὐούνας
1197 2195 1253 2257 pro
1270 2175 1327 2237 vir-

240 2286 313 2372 gula
344 2269 436 2369 posui¹
463 2283 585 2366 signum
615 2283 841 2366 interrogandi,
873 2285 1004 2368 nequis
1029 2285 1086 2350 hoo
1110 2287 1325 2370 quaestionum

239 2423 337 2486 genus
360 2397 529 2464 confundat
551 2418 621 2466 oum
638 2419 674 2460 eo
690 2420 799 2481 genere
816 2397 1071 2466 disiunctivarum
1089 2401 1324 2485 quaestionum,
1443 2462 1446 2469 .

238 2518 271 2581 iu
302 2538 364 2600 quo
394 2513 431 2579 ad
463 2513 548 2597 prius
579 2509 749 2576 membrum
782 2513 982 2598 cogitandum
1014 2522 1061 2578 est
1094 2514 1220 2594 πότερον.
1264 2514 1325 2578 Hic

238 2632 318 2694 enim
351 2628 445 2693 habes
469 2625 663 2711 quaestiones
687 2625 732 2688 ita
754 2625 874 2689 iunctas
899 2633 934 2689 ut
957 2626 996 2691 ll.
1021 2629 1057 2690 A.
1083 2629 1146 2691 203
1169 2625 1252 2693 τίπτ’
1279 2637 1341 2677 -’

237 2744 405 2818 εἰλήλουθας
417 2765 425 2824 ;
445 2741 462 2815 ἢ
481 2737 528 2804 ἵνα
546 2736 626 2819 ὐβρνν
643 2738 704 2820 tan
719 2739 764 2802 vel
778 2737 870 2823 Soph.
884 2738 921 2804 O.
934 2738 969 2803 R.
985 2743 1048 2803 622
1062 2741 1093 2804 τί
1103 2740 1179 2815 δῆτα
1189 2741 1322 2826 χρῄζενος

237 2859 253 2933 ἥ
277 2883 317 2935 με
337 2865 394 2933 γῆς
418 2852 472 2930 ἔξω
491 2853 616 2930 βαλεῖν,
640 2850 707 2936 Iph.
733 2854 768 2916 A.
795 2854 858 2915 704
882 2859 983 2929 γαμεῖ
1001 2853 1031 2917 δὲ
1054 2859 1109 2919 τοῦ
1133 2879 1190 2938 νον,
1214 2856 1232 2930 ἢ
1254 2858 1323 2921 κατ’

235 2969 326 3048 οἶδμα
355 2967 485 3051 τύντνον;
514 2966 580 3029 Alc.
612 2967 688 3041 215,
712 2971 782 3028 cett.
818 2963 881 3028 Ubi
905 2963 1001 3028 altera
1024 2967 1161 3049 quaestio
1185 2946 1322 3032 continet

235 3087 457 3161 coniecturam,
483 3104 545 3168 quo
569 3080 659 3145 modo
684 3080 725 3142 sit
748 3080 996 3164 respondendum
1021 3081 1058 3172 ad
1083 3082 1224 3166 priorem.

281 3203 377 3265 1430.
401 3197 450 3262 Ad
476 3194 649 3260 Infinitivos
673 3194 711 3257 cf.
741 3195 835 3257 1012.

281 3317 376 3379 1431.
399 3317 537 3394 φορεῖν
561 3307 676 3373 correxi
707 3308 868 3393 Verslopcn
891 3333 920 3394 p.
945 3312 1019 3374 188.
1051 3309 1095 3373 Ex
1122 3310 1180 3374 hoc
1203 3333 1245 3375 vs.
1268 3333 1319 3396 ap-

226 3442 318 3516 paret
340 3450 402 3514 quo
422 3447 514 3490 sensu
535 3421 712 3507 accipienda
731 3423 793 3487 sint
812 3424 903 3488 verba
918 3422 993 3489 τέκν’
1009 3424 1154 3506 ἐντρέφειν
1168 3447 1208 3490 vs.
1223 3428 1319 3489 1428.

281 3545 374 3608 1432.
397 3537 482 3605 οἵδε.
514 3537 561 3601 Of.
588 3537 684 3601 1427.
1185 3625 1187 3630 Ι

277 3660 373 3723 1435.
400 3653 596 3732 οὐκνροίτον,
621 3673 695 3715 non
721 3660 984 3729 marcescente,
1011 3662 1047 3717 ut
1066 3661 1146 3717 recte
1167 3653 1316 3738 interpres

229 3775 369 3840 Latinus.
404 3766 524 3833 Iniuria
547 3763 658 3829 Nauck
684 3766 824 3831 inutilem
848 3748 964 3851 recepit
988 3767 1139 3832 Badhami
1164 3767 1316 3832 coniectu·

230 3912 293 3954 ram
317 3883 478 3964 οῖγνροῖτον.
516 3880 561 3945 De
585 3879 683 3944 forma
704 3880 856 3959 οῖχήρᾶτος
880 3881 961 3966 apud
985 3882 1127 3966 antiquos
1149 3881 1217 3947 vide
1238 3903 1316 3964 quae

230 4002 338 4088 scripsi
376 4000 474 4067 Verst.
498 3995 543 4072 ΙΙ,
569 3998 644 4072 299,
671 3992 725 4058 ubi
748 3994 858 4059 addere
882 3992 1045 4058 debueram
1069 3996 1221 4074 οῖγήρῖνῐτον
1248 4015 1316 4078 pro-

139 4105 141 4111 *
228 4115 302 4180 bum
327 4133 400 4176 esse.
424 4108 470 4174 ef.
493 4107 561 4173 Αοί.
584 4107 650 4172 Soc.
672 4107 759 4192 Lupe.
784 4106 827 4186 II,
851 4109 882 4184 2,
906 4129 935 4190 p.
959 4107 1023 4169 447
1046 4128 1129 4191 sqq„
1157 4106 1208 4170 ubi
1225 4105 1314 4191 plura

228 4226 356 4291 Ritschl.
380 4262 422 4270 -
448 4222 494 4285 De
519 4220 599 4284 oliva
622 4242 740 4304 semper
760 4220 870 4284 virenti
889 4219 1053 4305 Musgravc
1073 4220 1204 4284 conferri
1227 4218 1313 4283 iubet

227 4339 380 4425 Theophr.
413 4336 492 4400 Hist.
523 4334 623 4399 Plant.
650 4333 706 4410 IV,
732 4339 763 4411 4,
792 4333 869 4399 Plin.
895 4333 937 4397 N.
963 4333 1001 4396 H.
1028 4332 1115 4412 XVI,
1141 4337 1194 4425 44,
1220 4332 1311 4416 Soph.
