3112 4914
239 352 282 415 80
657 372 911 418 commutaremus.
976 367 978 371 ·

238 565 301 628 sive
320 567 381 629 θεοῦ
401 565 506 641 νθαλα
529 565 696 630 identidem
722 576 956 631 commemorata
979 566 1083 630 sunt.''
1110 567 1148 630 In
1166 590 1202 630 ea
1216 590 1248 630 re
1265 575 1326 630 tra-

238 679 297 761 gici
330 679 489 742 imitantur
520 687 603 743 vates
635 681 822 763 antiquiores
853 680 977 743 Hesiod.
1002 680 1102 763 theog.
1129 682 1204 756 499,
1232 681 1322 743 Hom.

237 792 339 875 hymn.
375 794 474 876 Apoll.
503 798 538 868 5,
568 797 625 869 25,
653 797 716 856 396
742 792 847 870 γύαλα
869 801 1036 874 Παρνησοῖο.
1065 794 1145 857 llinc
1168 793 1320 880 Sophl.

237 909 297 968 401
338 915 420 970 certa
456 906 666 970 emendatione
702 907 827 992 supplet
861 906 989 971 Nauck:
1024 913 1072 972 νῦν
1096 908 1119 970 θ’
1144 907 1210 972 οότε
1233 907 1266 984 μ’
1290 911 1323 973 ἐκ

198 1063 200 1067 -
237 1017 372 1093 Acbatana
394 1019 461 1084 οῦτε
483 1022 609 1085 Πυθικῶν
641 1018 646 1106 Ι
677 1019 864 1106 μν(οίλ)ων
887 1045 931 1092 τις
954 1019 991 1084 θον
1014 1022 1147 1087 πείσειεν.

281 1132 422 1198 Ceterum
445 1134 539 1198 fateor
563 1135 638 1198 mibi
658 1134 821 1198 obscurum
844 1158 925 1211 esse,
949 1158 1009 1218 qno
1030 1144 1119 1219 pacto
1137 1137 1323 1215 Mercurius,

237 1270 327 1330 quem
360 1246 438 1311 nihil
470 1247 562 1311 lateat
596 1271 699 1312 eornm
734 1271 812 1332 quae
844 1249 957 1332 Apollo
982 1249 1118 1313 facturus
1142 1251 1199 1325 sit,
1225 1251 1324 1314 dicere

237 1361 333 1444 possit
355 1361 433 1424 illud
457 1363 530 1448 (77)
552 1363 585 1426 τό
609 1363 722 1442 κρανθὲν
745 1365 781 1434 ὠς
805 1363 841 1428 θιν
865 1362 979 1438 ἐκμθθιν
1000 1365 1101 1436 παιδὸς
1122 1364 1200 1443 πέρι,
1224 1365 1318 1448 idque

237 1496 272 1537 eo
297 1475 415 1549 minus,
441 1476 513 1558 qnia
537 1476 689 1540 nihildum
712 1477 836 1557 ε’κροθνθν.
861 1477 907 1541 Of.
931 1480 1105 1562 Veralapen,
1126 1479 1144 1542 l.
1164 1479 1183 1543 1.
1202 1502 1230 1562 p.
1244 1483 1322 1544 178.

149 1654 151 1658 ,
236 1588 336 1652 Intrat
370 1597 487 1665 autem,
525 1599 560 1652 ut
596 1590 733 1668 videtur,
772 1591 942 1655 Mercurius
981 1592 1063 1655 unde
1099 1593 1181 1656 videt
1215 1593 1320 1656 Ionem

236 1710 395 1765 exeuntem
428 1703 607 1780 ίέοβιθοομαι
632 1743 675 1751 -
700 1704 906 1786 ἐκβαίνοντα),
940 1707 983 1768 ita
1013 1713 1113 1768 tamen
1149 1714 1183 1769 ut
1207 1706 1244 1769 ab
1268 1705 1322 1769 illo

235 1809 292 1880 nec
315 1817 522 1900 conspiciatur
541 1840 640 1901 neque
661 1818 823 1895 audiatur,
847 1819 898 1882 sed
921 1818 993 1882 solis
1014 1818 1237 1902 spectatoribus
1252 1820 1323 1898 Φαί-

237 1955 320 2006 ννται
348 1932 480 2012 ε’ναρνθθ.
512 1930 615 1995 Venus
640 1933 671 1995 in
698 1931 866 2017 Hippolyto
892 1956 933 1998 vs.
961 1937 1019 1996 51:
1044 1937 1124 2013 ἀλλ’,
1147 1934 1241 2013 εἰσορῶ
1264 1933 1323 2013 νόιρ

235 2044 331 2122 τόνδε,
357 2046 454 2110 παῖδα
478 2046 594 2118 Θκτθιος
614 2044 619 2134 Ι
640 2047 800 2126 στείχοντα
824 2047 910 2126 θήρας
935 2049 1045 2127 μόχθον
1067 2048 1276 2134 ἐκλελοιπότα,
1298 2046 1303 2135 Ι

233 2161 422 2235 Ἱππολντον,
446 2157 499 2236 ἔξω
519 2160 605 2224 τῶνδε
627 2162 759 2237 βήσομαι
781 2159 887 2225 τόπων.

281 2276 333 2337 82.
359 2273 521 2352 ἅρματα
541 2312 584 2323 -
602 2275 834 2354 τεθρίππων.
865 2274 1068 2358 Frequentius
1093 2283 1138 2339 est
1161 2275 1240 2359 apud
1267 2297 1322 2339 no-

235 2394 331 2451 strum
355 2385 437 2466 ίθρμα
461 2385 611 2471 (ἅρματα)
631 2388 782 2468 τέθριππον
801 2387 989 2472 (τέθριππα),
1007 2387 1055 2450 vel
1070 2389 1222 2467 τέθριππος
1240 2387 1319 2468 ὄρρος.

234 2499 360 2585 Saepius
378 2521 501 2582 quoque
516 2500 678 2580 τέθριππα,
695 2502 806 2564 omisso
818 2500 1011 2564 substantivo
1025 2508 1060 2563 nt
1071 2501 1150 2563 inlra
1163 2503 1203 2564 12
1213 2505 1259 2566 ld.
1273 2539 1315 2549 -

234 2614 343 2698 Inepte
368 2613 459 2699 vulgo
482 2614 596 2698 legitur
614 2614 745 2690 λἰθμπει,
769 2636 905 2698 proquo
931 2616 1051 2699 reposui
1073 2615 1230 2697 Mnsgravi
1248 2637 1319 2678 con-

233 2728 378 2790 iecturam
403 2727 550 2804 κοίμπτει,
576 2729 595 2793 i.
618 2751 643 2793 e.
669 2728 824 2792 flectit.
860 2728 965 2792 Minus
992 2726 1148 2812 probabile
1169 2735 1214 2790 est
1237 2727 1319 2810 quod

233 2842 392 2926 proposuit
423 2840 514 2926 Sybel
544 2844 637 2907 λενκόι
661 2880 705 2890 -
728 2839 843 2919 λα’μπει
876 2849 907 2905 et
939 2841 998 2906 alia
1027 2842 1065 2905 de
1089 2862 1197 2918 causa,
1224 2851 1254 2905 et
1278 2842 1318 2906 ob

235 2978 364 3040 sequens
387 2956 671 3033 καταλαμπόμεναι.

279 3072 330 3134 84.
354 3069 444 3149 πνρί
468 3069 564 3148 τῷδε
588 3068 680 3133 babet
704 3069 769 3134 cod.
794 3068 836 3153 O,
860 3069 1016 3133 ametrico
1033 3070 1252 3153 interpolatus,
1270 3071 1318 3134 cui

232 3183 356 3246 lectioni
387 3183 453 3246 iure
484 3182 639 3260 Badbam‚
675 3183 780 3246 addita
812 3183 1037 3268 praepositione
1067 3183 1144 3260 οὶπό,
1173 3183 1318 3267 praetulit

232 3295 302 3360 libri
333 3295 357 3357 P
389 3297 569 3380 scripturam
600 3302 656 3376 πῦρ
687 3293 777 3385 τόθ’,
803 3295 1043 3381 Improbandum
1073 3295 1156 3379 qnod
1188 3296 1319 3361 coniecit

232 3408 395 3472 Kircbboff
423 3409 519 3488 πνρπό
540 3412 560 3486 ’,
593 3410 674 3492 quod
708 3409 892 3472 adiectivum
927 3409 1091 3493 Euripides
1121 3408 1228 3493 Suppl.
1253 3411 1315 3472 640

232 3523 269 3586 de
291 3523 419 3586 fulmine
443 3523 547 3608 posuit
570 3524 697 3587 notione
720 3523 793 3587 huic
816 3523 884 3587 loco
908 3546 969 3586 non
991 3531 1106 3606 aptum.
1130 3521 1210 3585 Nam
1231 3522 1316 3586 aliud

231 3644 278 3700 est
308 3635 468 3715 πνρπόλος,
504 3635 589 3699 aliud
613 3639 735 3716 πνρόεις.
769 3636 818 3700 Ad
842 3643 899 3716 πῦρ
922 3636 1010 3701 τόδε
1035 3636 1071 3701 ol.
1094 3635 1165 3721 Iph.
1192 3637 1228 3700 A.
1253 3639 1316 3699 156

230 3750 383 3816 Λενκαίνει
415 3748 480 3814 τόδε
510 3757 573 3831 φῶς
605 3750 655 3824 ἤδη
686 3748 839 3828 λοίμποντ’
868 3750 921 3825 ἦθος
945 3756 1001 3830 πῦρ
1024 3775 1058 3815 τε
1079 3750 1239 3828 τεθρίππων
1262 3757 1318 3815 τιῦν

232 3864 356 3929 Ἀελίου.
382 3863 549 3927 Theatrum
575 3863 809 3927 Atheniensium
834 3873 899 3927 erat
922 3885 939 3927 a
962 3862 1087 3927 meridie
1112 3862 1188 3926 arcis
1213 3885 1316 3926 versus

230 3986 349 4053 ortum,
375 3986 405 4040 et
428 3985 612 4062 spectatores
640 3976 697 4040 snb
723 3977 793 4040 divo
817 3978 860 4041 ita
884 3975 1100 4054 considebant,
1121 3984 1156 4040 ut
1179 3977 1316 4041 viderent

231 4091 325 4154 solem
358 4091 514 4155 orientem.
552 4091 756 4176 Aptissimum
784 4091 879 4175 igitur
911 4099 957 4154 est
980 4092 1012 4153 in
1038 4112 1090 4153 ore
1114 4091 1223 4154 actoris
1248 4114 1316 4176 pro-

230 4227 341 4268 nomen
366 4203 647 4268 demonstrativum.

277 4320 328 4384 86.
359 4317 419 4381 Pro
450 4318 647 4402 Παρνκσιοίδες
672 4318 792 4382 restitui
820 4317 946 4382 formam
972 4317 1132 4394 Doricam,
1157 4340 1218 4402 qua
1243 4341 1316 4383 oon·
