3112 4914
644 396 898 440 consensimus.
1249 377 1313 440 193

230 601 322 676 atque
354 594 488 676 ignavos.
525 591 614 656 Adde
643 590 725 674 quod
756 591 937 674 plerumque
964 597 1051 653 erant
1074 587 1210 666 barbari,
1235 609 1313 673 quos

230 707 416 791 vilipendere
439 706 556 770 solebat
580 705 765 769 Graecorum
789 701 932 785 Φρίνημα.

276 822 351 885 984.
375 818 584 896 Ι111111οίμοι
607 816 776 898 κακίζει,
801 816 946 880 timida
970 837 1017 879 es.
1042 813 1089 877 Of.
1106 813 1218 878 1111111.
1235 817 1311 891 989,

231 932 312 996 Med.
339 927 432 996 1946.
466 931 525 995 Sed
549 931 694 1008 „nullum
716 930 865 994 indicium
889 929 1026 1013 pavoris,
1051 929 1094 991 111
1110 927 1262 1004 Badham,
1280 928 1312 992 in

231 1044 362 1109 Oreiisae
395 1044 493 1109 verbis
524 1046 654 1129 reperias
662 1071 671 1123 3
696 1045 786 1129 plane
810 1052 913 1109 autem
938 1042 1103 1106 ridiculum
1127 1050 1172 1106 est
1196 1040 1234 1105 ab
1258 1063 1310 1122 eo,

231 1181 321 1243 quem
347 1167 380 1222 nt
404 1159 549 1244 pavidum
573 1159 775 1235 incusaveris,
799 1156 962 1220 consilium
988 1178 1141 1239 quaerere.
1179 1156 1216 1219 111
1240 1155 1314 1239 quid

231 1273 281 1336 hic
312 1271 372 1336 sibi
404 1273 470 1336 1111
502 1272 555 1347 σὺ,
589 1270 644 1334 nbi
675 1279 705 1334 et
736 1270 918 1354 praecedens
941 1269 1120 1333 membrum
1148 1269 1186 1332 ab
1211 1268 1314 1332 eadem

231 1387 366 1451 secunda
389 1407 516 1470 persona
539 1385 671 1469 regitur,
705 1392 735 1447 et
758 1384 843 1448 nulla
867 1383 926 1448 1111
950 1406 1078 1468 persona
1100 1384 1243 1448 innuitur
1266 1384 1317 1447 eui

231 1500 328 1584 possit
352 1497 490 1583 opponi?
522 1495 568 1563 Of.
596 1500 679 1561 1013
705 1497 814 1562 καίοι)
838 1497 897 1578 sap
920 1496 1027 1573 τούμὸν
1049 1495 1187 1576 ptyra?
1214 1494 1317 1559 Habet

232 1612 307 1675 haec
342 1611 514 1675 emendatio
553 1632 658 1674 omnes
696 1632 840 1674 numeros
875 1610 1021 1676 veritatis.
1057 1646 1101 1658 -
1136 1609 1229 1674 κακί
1237 1609 1257 1689 ζ
1262 1633 1317 1680 εις

233 1725 368 1808 (proprie
394 1756 429 1778 ==
453 1723 541 1788 κακὸν
563 1723 695 1808 λέγεις),
709 1722 851 1804 με’μφει,
875 1723 988 1803 ψέγεις.

279 1840 353 1902 988.
390 1837 548 1918 Φλέχρρι
582 1836 665 1907 πο’λις
706 1837 842 1920 Θρᾴκης,
882 1833 914 1911 ἣν
948 1834 1071 1912 Εὔδοξος
1104 1836 1185 1914 μετὰ
1218 1841 1319 1901 ταῦτα

233 1951 391 2025 Παλλήνην
421 1949 494 2028 Φησὶ
526 1951 665 2025 κληθῆναι
696 1986 740 1999 -
770 1949 876 2034 steph.
895 1948 980 2033 Byr.
1013 1973 1036 2012 s.
1062 1973 1089 2014 v.
1113 1949 1250 2014 Breues
1275 1984 1318 1998 -

233 2062 370 2143 μοίχην
401 2099 445 2112 --
477 2062 658 2145 ἔστησαν,
690 2062 807 2126 dictum
840 2070 875 2126 ut
905 2063 1023 2127 ἱστοίναι
1045 2063 1117 2140 βοήν
1141 2063 1216 2128 Η11.
1242 2066 1320 2140 199,

235 2180 309 2252 656,
333 2176 428 2256 ίαχοίν
452 2176 520 2260 Iph.
546 2179 584 2238 A.
609 2179 705 2253 1039,
729 2178 857 2255 κραυγὴν
881 2174 980 2241 01111.
1009 2179 1103 2254 1599,
1127 2179 1229 2257 χοροὺς
1249 2177 1318 2261 Iph.

235 2292 271 2354 A.
296 2291 368 2366 676,
392 2289 501 2353 ἐλπίδα
524 2288 565 2351 ib.
592 2291 666 2366 789,
691 2291 830 2369 μηχανήν
854 2289 945 2354 Rhea.
971 2294 1045 2367 578,
1062 2312 1118 2375 pro
1133 2291 1219 2368 βοᾶν,
1234 2315 1320 2370 κραυ-

235 2402 347 2482 γνίζειν,
372 2401 510 2483 χορεύειν,
534 2401 670 2482 ἐλπίζειν,
689 2406 894 2482 μηχανᾶσθαι.
908 2404 1120 2480 -Γίχανπες,
1144 2405 1190 2467 De
1203 2404 1320 2488 Gigan·
1419 2441 1425 2451 ,

237 2515 390 2580 tomaehia
420 2516 457 2580 cf.
489 2514 633 2600 Apollod.
666 2515 693 2594 I,
725 2519 755 2592 6,
785 2519 812 2596 1,
837 2520 865 2595 9,
890 2516 927 2590 de
951 2517 1080 2601 Phlegra
1104 2517 1204 2582 Sehol.
1228 2517 1320 2583 Hom.

235 2629 273 2693 Il.
298 2628 388 2693 VIII.
412 2632 487 2707 479,
510 2627 601 2693 Pans.
625 2627 716 2702 VIII,
741 2631 793 2706 99,
819 2629 961 2708 9,Ρ11111.
985 2629 1074 2694 Nem.
1090 2629 1117 2707 I,
1144 2631 1318 2710 67,811111.

236 2766 265 2827 p.
291 2745 366 2818 945,
392 2745 466 2818 981,
493 2744 566 2806 330.
601 2740 680 2804 Vide
705 2763 796 2825 supra
818 2741 856 2804 ad
882 2744 945 2805 996
963 2764 1028 2826 sqq.

281 2859 356 2919 989.
380 2854 535 2935 Γοργόν’
554 2853 666 2919 ἔτεκε
689 2863 748 2928 Γῆ.
777 2854 876 2919 Unam
894 2864 1042 2920 memorat
1059 2856 1089 2920 h.
1105 2857 1125 2920 l.
1144 2855 1320 2940 Gorgonem

236 2979 342 3055 poeta,
369 2978 492 3056 secutus
517 2969 695 3035 Homerum.
718 2968 765 3033 Of.
791 2969 829 3033 Il.
847 2969 885 3053 V,
904 2972 978 3050 741,
994 2969 1085 3049 VIII,
1103 2973 1177 3050 349,
1194 2969 1251 3049 ΧΙ,
1266 2975 1319 3049 36,
1424 3057 1425 3060 ¹

236 3083 295 3148 Od.
321 3083 378 3160 XI,
405 3086 478 3148 633.
514 3083 688 3148 Secundum
719 3083 888 3148 Hesiodum
920 3084 1034 3167 Theog.
1059 3086 1122 3148 978
1151 3100 1212 3148 tres
1236 3092 1321 3148 erant

236 3220 368 3276 sorores,
392 3196 559 3280 Phorcydis
591 3204 621 3261 et
654 3196 749 3260 Oetus
781 3196 877 3271 filiae,
910 3197 991 3261 unde
1020 3197 1149 3276 Φορκίδες
1173 3197 1320 3275 audiunt,
1384 3225 1386 3229 ’

236 3309 350 3396 quibus
382 3310 507 3373 nomina
535 3310 656 3386 Σθεινώ,
682 3309 818 3390 Εὐριιοὲλη
842 3317 872 3374 11
895 3311 1043 3376 Μέδουσα.
1079 3314 1211 3375 Auctore
1233 3311 1323 3376 Euri-

235 3426 307 3511 pide
325 3414 361 3488 'in
387 3446 453 3509 sqq.
479 3445 515 3488 ex
539 3424 603 3487 eius
628 3432 697 3487 cute
721 3424 865 3489 fabricata
890 3434 935 3488 est
958 3426 1090 3511 aegis,
1111 3426 1129 3489 i.
1147 3448 1171 3490 e.
1189 3428 1321 3512 pectoris

237 3546 467 3622 tegumentum,
501 3537 591 3620 quale
622 3559 710 3622 saepe
741 3539 931 3623 conspicitur
956 3540 987 3603 in
1013 3540 1220 3605 monumentis
1234 3541 1322 3603 anti-

238 3654 315 3737 quis.
347 3651 510 3735 Mnsgrave
534 3651 663 3715 conferri
686 3651 773 3715 iubet
788 3651 925 3717 Servium
943 3655 981 3718 ad
1000 3655 1074 3719 Aen.
1092 3653 1182 3734 VIII,
1199 3678 1227 3739 p.
1240 3657 1321 3718 435:

237 3767 359 3851 Aegis
384 3763 552 3849 proprie
576 3771 637 3827 est
660 3765 951 3831 munimentum
972 3769 1144 3852 pectoris
1166 3790 1321 3832 aeneum

237 3879 391 3944 habens
423 3878 462 3941 in
497 3877 626 3941 medio
656 3877 862 3964 Gorgonis
886 3890 1005 3966 caput
1030 3890 1060 3946 et
1083 3880 1174 3945 Ovid.
1199 3881 1323 3946 Metam.

238 3994 293 4072 VI,
320 3996 361 4059 78
386 3991 630 4055 defenditur
653 3992 797 4076 aegide
822 4002 974 4078 peetus.
1018 3995 1064 4059 De
1092 3995 1198 4078 aegide
1222 3995 1325 4058 variis·
1395 3988 1421 4014 ⁸

238 4131 296 4194 que
329 4107 395 4170 eius
424 4103 528 4168 formis
552 4103 691 4168 videatur
722 4106 995 4172 Dietionnaire
1019 4108 1083 4173 des
1107 4105 1323 4192 antiquites

237 4223 432 4304 Grecques
456 4229 491 4282 et
515 4216 718 4283 Romaines
742 4243 810 4304 pag.
837 4223 897 4285 101
924 4244 989 4307 sqq.

283 4339 358 4402 993.
389 4332 522 4415 θωραιί
545 4332 706 4412 ἐχίδνης
730 4334 959 4414 περιβόλοις
981 4338 1237 4414 ὡπλισμένον.
1272 4333 1324 4398 In·

1193 4449 1224 4501 13
