3112 4914
634 389 886 437 consumamus.
1238 371 1302 435 213

216 586 245 648 in
271 607 343 649 voce
366 607 396 669 p.
420 587 501 649 416:
526 583 576 649 sal
600 590 684 649 τοῦτο
707 585 868 663 Μένανδρος
892 585 969 650 οὐδὲν
989 584 1162 661 ἐπιβάλλων
1181 585 1302 661 γνώμης

215 706 274 770 τοῖς
305 698 424 775 deducor
457 699 541 763 σὶλλσὶ
575 700 676 762 πάντα
709 699 818 780 φύρων.
867 698 913 763 Of.
949 697 1097 762 Lobeclrii
1132 699 1300 762 annotatio.

215 811 327 875 Nonne
346 812 444 896 igitur
467 811 555 875 licuit
578 811 766 889 Menandro,
793 811 875 895 quod
891 811 1004 875 licebat
1024 818 1054 876 et
1070 812 1142 875 licet
1158 811 1301 875 omnibns

215 924 331 1008 poetis,
357 933 392 986 ut
415 945 494 987 nova
516 924 644 1007 fingeret
667 921 835 999 vocobnla,
867 932 947 987 recte
972 922 1129 987 observata
1153 922 1301 985 sermonis

215 1036 377 1120 analogia?
411 1036 510 1099 Bilem
545 1045 669 1099 movent
703 1036 756 1098 isti
793 1036 970 1120 magistelli,
1007 1036 1061 1119 qui
1095 1036 1155 1120 ipsi
1187 1036 1301 1100 Graece

214 1148 420 1214 balbutientes
456 1151 551 1234 magis
584 1172 674 1235 quam
711 1150 889 1233 loquentes,
924 1149 1054 1235 superbe
1085 1150 1250 1227 damnant,
1274 1151 1300 1214 si

214 1264 289 1349 quid
313 1287 331 1327 a
354 1264 509 1328 communi
533 1264 758 1328 consuetudine
781 1263 913 1327 recedit!

262 1381 355 1442 1153.
386 1378 505 1458 Ὠρίων.
529 1377 620 1441 Solus
645 1378 830 1461 tragicorum
855 1386 1001 1441 memorat
1024 1385 1128 1440 noster
1143 1375 1300 1442 Orionem.

214 1488 333 1553 Hecub.
368 1492 452 1553 1101
463 1537 475 1576 ,-
505 1488 573 1554 Hel.
606 1492 691 1553 1490
724 1489 800 1573 (una
831 1511 902 1552 cum
932 1462 1124 1565 Pleiadibus,
1156 1488 1191 1551 ut
1215 1488 1299 1573 hic),

215 1600 299 1686 chl.
324 1604 398 1677 212,
423 1610 599 1666 constanter
621 1611 760 1687 correpta
783 1601 987 1686 paenultima,
1013 1623 1105 1685 quam
1130 1601 1207 1684 epici
1231 1624 1299 1685 pro·

214 1715 339 1780 ducunt.
372 1715 546 1798 (Nauckius
578 1717 610 1780 in
641 1715 807 1780 novissima
838 1715 972 1779 editione
1003 1713 1157 1799 Odysseae
1182 1715 1298 1799 ubique

213 1838 250 1901 de
270 1861 327 1902 suo
346 1839 484 1919 restituit
499 1838 624 1903 formam
640 1837 832 1901 Pindaricum
853 1813 1015 1921 Ὠσῖρ1ων).
1038 1837 1153 1901 Barnea
1170 1836 1207 1901 ad
1232 1836 1261 1901 h.
1278 1837 1299 1902 l.

213 1959 317 2016 monet
340 1952 458 2017 stellam
483 1975 547 2016 esse
572 1952 708 2027 tristem,
734 1957 804 2014 ortu
829 1959 859 2014 et
883 1973 992 2015 occasu
1017 1972 1072 2013 suo
1097 1957 1128 2013 et
1143 1949 1296 2022 καύσωνης

213 2075 242 2130 et
275 2076 472 2152 tempestates
504 2067 703 2143 excitantem,
737 2087 829 2149 quare
857 2087 961 2129 canem
985 2064 1030 2128 illi
1055 2071 1085 2128 et
1108 2063 1244 2128 balteum
1268 2070 1299 2127 et

213 2203 315 2246 ensem
339 2179 459 2245 fabulas
483 2180 646 2264 assignare.
679 2180 725 2242 De
749 2201 819 2243 ense
843 2179 881 2242 cf.
906 2177 997 2242 Ovid.
1015 2178 1091 2247 Met.
1113 2176 1203 2255 VIII,
1222 2179 1297 2260 207,

213 2294 306 2371 XIII,
341 2297 415 2358 294.
451 2293 598 2358 Fabulam
623 2294 661 2356 de
685 2292 799 2357 Orione
822 2301 946 2356 narrant
973 2292 1114 2376 Hyginus
1137 2289 1196 2355 fab.
1223 2294 1295 2368 195,

176 2426 177 2429 ’
213 2405 304 2470 Ovid.
329 2406 409 2472 Fast.
436 2407 472 2483 V,
498 2411 561 2472 495
579 2429 659 2492 sqq„
685 2405 827 2490 Apollod.
851 2405 876 2482 I,
902 2409 932 2481 4,
958 2409 988 2480 3,
1014 2405 1073 2470 alii.
1208 2421 1211 2426 '

259 2523 354 2584 1154.
387 2520 597 2602 στρέφουσ’
620 2523 760 2601 οὐραῖα
782 2521 954 2600 χρυσήρη
983 2518 1102 2599 πόλῳ,
1128 2541 1296 2584 versans

212 2655 370 2696 auream
402 2633 566 2697 caudam
598 2633 702 2719 apud
734 2633 888 2717 polum,
914 2634 1133 2718 interpretatur
1156 2630 1295 2710 Dobree‚

211 2745 338 2829 insuper
360 2753 482 2808 tentans
505 2747 634 2826 χρυσήρη
658 2747 756 2829 σόλον,
781 2768 946 2810 aureum
972 2746 1106 2830 polum
1132 2768 1296 2809 versans

210 2865 400 2941 tanquam
422 2860 601 2936 caudam,
625 2859 729 2937 σόλον,
756 2868 790 2923 ut
814 2860 949 2934 ridetur,
975 2860 1157 2943 intellegens
1177 2857 1295 2922 stellam

210 2972 253 3036 ita
284 2972 396 3036 dictam
429 2974 564 3038 infimam
591 2974 632 3045 ,ad
666 2973 793 3038 caudam
828 2996 914 3037 ursae
939 2974 1073 3037 minoris.
1110 2972 1202 3035 Recte
1226 2992 1297 3037 vcro
1396 3021 1399 3025 ψ

210 3084 327 3148 Seidler
359 3107 527 3149 sermonem
553 3108 618 3149 esse
641 3093 746 3151 monet
769 3087 806 3150 de
830 3087 944 3150 maiore
967 3107 1053 3163 ursa,
1079 3085 1161 3168 qnod
1186 3085 1294 3148 confir-

210 3198 283 3261 mari
307 3196 451 3262 adverbio
476 3195 594 3279 drrrpdr,
620 3200 692 3282 quia
716 3200 756 3261 sit
780 3221 871 3284 super
894 3197 1057 3275 Orionem,
1083 3198 1186 3282 itaque
1206 3198 1293 3262 σόλον

209 3310 448 3395 intellegendum
481 3334 545 3375 esse
579 3313 696 3376 caelum
729 3311 766 3375 ad
797 3312 944 3376 circulum
969 3311 1110 3396 polarem.
1147 3315 1293 3375 Arctos

209 3425 271 3487 sive
304 3446 373 3487 ursa
402 3424 514 3502 maior,
549 3425 593 3488 ait
624 3424 756 3503 Barncs,
782 3424 1012 3508 septentrionali
1037 3424 1108 3509 polo
1132 3423 1217 3487 velut
1239 3447 1293 3488 axe

209 3538 279 3601 nixa
311 3539 487 3621 resupinato
519 3540 616 3623 capite
644 3560 744 3603 ursam
769 3539 915 3602 minorem
942 3546 1076 3622 spectat,
1102 3537 1292 3604 caudavero

209 3651 326 3713 Booten
351 3661 381 3714 et
404 3651 524 3715 stellam
549 3651 618 3717 ideo
641 3654 809 3717 Arcturum
832 3653 956 3715 dictam.
981 3651 1025 3714 Ut
1041 3652 1071 3716 b.
1089 3650 1109 3715 l.
1135 3672 1182 3734 ap.
1201 3649 1292 3715 Hom.

208 3762 268 3828 Od.
293 3789 323 3840 ε,
350 3767 411 3830 271
430 3786 495 3850 sqq.
519 3766 693 3851 iunguntur
717 3765 874 3843 Pleiades,
899 3767 1010 3829 Arctos
1035 3774 1064 3828 et
1085 3763 1198 3843 Orion,
1215 3785 1293 3847 quae

207 3877 307 3941 sidera
330 3877 437 3941 Ulixes
455 3879 606 3963 ,navigans
630 3878 668 3943 ab
692 3879 793 3942 insula
818 3878 968 3962 Calypsus
991 3877 1141 3941 observat.
1182 3875 1293 3940 Nauck

206 3991 321 4074 recepit
340 3991 489 4076 Stephani
504 3993 728 4068 coniecturam,
745 3993 881 4072 χρυσήρει
897 3990 1093 4074 intellegens,
1111 3989 1293 4061 arridetur,

207 4104 327 4169 coelum
351 4105 447 4169 stellis
471 4106 669 4183 distinctum,
695 4115 731 4170 ut
755 4129 844 4191 saepe
867 4104 955 4176 πόλος
975 4127 993 4168 a
1012 4104 1110 4189 poetis
1127 4109 1294 4186 usurpatur

208 4241 263 4303 pro
297 4219 420 4299 οὐρανός.
451 4219 537 4284 Alias
568 4220 599 4284 in
632 4220 662 4283 h.
687 4219 708 4284 l.
741 4220 931 4284 coniecturas
964 4218 1097 4302 prudeus
1129 4222 1292 4301 praetereo.

207 4317 341 4398 Verbum
378 4342 479 4398 autem
514 4333 649 4417 στρέφειν
677 4357 726 4399 me
749 4335 893 4398 admonet
923 4332 984 4396 loci
1006 4330 1168 4418 Sophocle'i
1191 4328 1229 4394 Ο.
1255 4328 1291 4396 O.
1336 4403 1338 4407 ¹
