3112 4914
271 366 334 431 104
684 384 936 432 commaneamus.

271 581 461 667 Apollini
484 589 522 646 et
545 583 656 647 deum
681 582 899 647 consulere
923 583 1098 666 cupitis,
1124 583 1357 647 licetvobis

268 698 406 762 intrare
429 698 569 774 aedem,
595 696 657 761 sed
681 697 716 760 in
741 696 889 780 adytum
916 703 1109 781 penetrare
1133 698 1184 762 fas
1201 720 1270 761 non
1287 710 1356 777 est,

270 813 343 876 nisi
360 812 525 876 mactatis
543 811 686 888 ovibus,
706 819 740 874 ut
756 819 953 896 opponantur
968 811 1049 875 inter
1062 834 1093 875 se
1105 833 1174 875 cum
1190 811 1315 876 πέλανον
1328 820 1358 877 et
1454 817 1456 820 ’

271 935 357 1006 μῆλα
388 933 453 989 tum
478 926 608 1003 θυμέλας
632 933 663 988 et
685 924 793 1004 μυχόν.
840 924 972 1010 Hesych.
1000 924 1182 991 πέλανον·
1207 925 1359 1003 πέμματα

272 1043 311 1112 εἰς
334 1041 434 1111 lactan
458 1039 615 1114 ἐπιτήδεια.
637 1037 683 1104 Of.
707 1038 819 1103 Pollux
845 1038 900 1117 VI,
927 1041 977 1105 76.
1016 1038 1227 1104 Nihilominus
1251 1040 1359 1124 paullo

273 1155 366 1219 altius
398 1154 558 1218 meditanti
590 1152 712 1217 difficile
743 1160 789 1216 est
820 1175 880 1217 nou
912 1154 1051 1217 assentiri
1081 1154 1279 1240 Musgravio,
1306 1155 1360 1238 qui

274 1270 455 1354 comparatis
486 1269 562 1332 locis
593 1268 662 1333 Alc.
688 1269 747 1330 851
775 1290 820 1351 sq.
853 1275 883 1331 et
914 1267 1006 1331 Rhea.
1032 1270 1099 1331 430
1124 1268 1208 1353 (nam
1233 1269 1302 1354 Iph.
1326 1270 1361 1334 h.

275 1386 338 1448 301
376 1385 437 1448 huc
471 1406 531 1447 non
568 1384 714 1468 pertinet)
745 1383 871 1446 πέλανον
903 1383 954 1447 hic
985 1383 1156 1468 significare
1188 1385 1362 1468 suspicatur

275 1499 450 1562 victimae
474 1498 712 1581 sanguinem,
739 1506 769 1560 et
792 1497 922 1576 θυμέλας
945 1519 980 1561 ac
1002 1496 1101 1578 ανχέν
1122 1520 1183 1562 non
1200 1497 1360 1582 distingui.

276 1611 381 1675 Minus
415 1620 496 1677 recte
532 1611 569 1675 de
605 1610 709 1676 mola
743 1610 879 1696 accipere
914 1610 1096 1675 vocabulum
1133 1611 1208 1674 mihi
1242 1611 1369 1687 videtur¹

275 1725 430 1800 Badham,
466 1726 518 1810 qui
555 1727 657 1788 tamen
692 1723 769 1789 bene
805 1732 909 1789 monet
945 1747 981 1789 ex
1016 1725 1090 1809 ipsis
1126 1725 1224 1789 verbis
1255 1726 1307 1789 καί
1334 1750 1363 1789 πο

277 1840 414 1905 πυθέσθαι
439 1861 582 1923 apparere
606 1838 737 1915 θυμέλας
762 1860 827 1902 esse
850 1838 918 1923 ipsa
943 1838 1121 1922 penetralia,
1145 1860 1222 1922 quae
1239 1846 1365 1903 auctore

277 1953 445 2018 Plutarcho
468 1953 589 2016 feminis
613 1951 777 2016 interdicta
801 1959 896 2017 erant.

324 2071 396 2132 230.
428 2066 489 2147 ἔχον
520 2069 674 2144 μαθοῦσα,
700 2067 719 2132 i.
743 2090 769 2130 e.
793 2066 939 2144 μανθάνω.
977 2066 1033 2129 Est
1057 2067 1141 2151 quod
1166 2089 1183 2130 a
1207 2067 1366 2131 Gramma-

278 2184 347 2248 ticis
378 2193 505 2247 vocatur
536 2190 646 2261 οχῆαα
679 2188 871 2263 Σοφοκλεῖον,
902 2204 964 2264 quo
980 2181 1152 2265 ‘Euripides
1176 2204 1238 2245 non
1263 2182 1366 2245 minus

280 2301 458 2385 frequenter.
481 2299 595 2375 utitur,
620 2320 710 2382 qnam
735 2298 761 2361 is
785 2297 868 2361 unde
891 2319 1002 2360 nomen
1027 2297 1152 2380 accepit.
1175 2297 1202 2359 'hl
1219 2296 1367 2381 pedestri-

279 2413 338 2477 bus
362 2413 464 2489 solm,
490 2411 572 2495 quod
598 2411 707 2487 sciam,
734 2411 876 2474 adhibuit
892 2410 1080 2474 Herodotus
1105 2409 1208 2475 Habet
1224 2411 1281 2473 hoc
1298 2433 1368 2495 pro-

283 2527 401 2612 prium,
434 2527 517 2610 quod
550 2534 717 2610 usurpatur
747 2547 808 2588 uon
840 2525 899 2587 nisi
928 2524 961 2587 in
985 2525 1152 2610 praesentis
1178 2523 1367 2601 Indicativo‚

283 2636 487 2706 Subiunotivo
519 2647 548 2703 et
579 2639 754 2715 Infinitive,
785 2637 838 2702 sed
869 2661 931 2702 non
964 2638 1076 2703 dicitnr
1107 2635 1187 2718 εἶχον
1211 2638 1257 2701 vel
1281 2638 1370 2718 έοχον

283 2755 399 2833 μαθών,
425 2755 543 2820 similia.

330 2873 402 2934 233.
425 2868 482 2934 ὅτι
506 2868 571 2934 καὶ
590 2868 717 2947 θέμις.
757 2867 826 2932 Etsi
853 2868 897 2931 nil
921 2868 994 2932 facit
1018 2868 1056 2930 ad
1080 2867 1173 2931 huius
1197 2866 1257 2931 loci
1281 2867 1371 2930 inter-

284 2985 503 3068 pretationem,
541 2983 619 3046 scitu
657 2983 785 3065 dignum
821 2990 867 3045 est
901 2979 979 3046 miro
1007 2981 1060 3044 sed
1093 2990 1175 3046 certo
1207 3003 1283 3058 usu,
1318 2981 1370 3044 uhi

283 3099 362 3174 θέμις
387 3105 519 3180 ponatur
543 3119 597 3181 pro
621 3095 754 3172 θεμιτόν,
780 3095 964 3159 vocabulum
988 3119 1052 3159 esse
1072 3095 1296 3159 indeclinabile.
1323 3094 1370 3160 Of.

285 3212 428 3296 Sophocl.
464 3210 499 3273 Ο.
525 3211 559 3275 G.
594 3213 677 3274 1189
707 3233 774 3295 sqq.
784 3258 793 3287 ‚
831 3210 884 3274 ubi
921 3211 1055 3275 Diodori
1075 3212 1108 3274 in
1132 3210 1177 3274 ed.
1202 3208 1372 3274 Oxoniensi

285 3325 372 3389 affert
403 3323 514 3388 Aesch.
544 3323 651 3408 Suppl.
676 3325 758 3401 335,
784 3323 863 3388 Xan.
887 3323 1001 3389 Oecon.
1024 3324 1066 3401 ΙΙ,
1091 3326 1108 3408 t
1132 3329 1171 3388 11
1198 3332 1229 3387 et
1257 3323 1371 3387 Aelian.

285 3438 359 3504 Nat.
383 3442 444 3502 An.
470 3438 496 3513 Ι,
523 3441 582 3514 60,
607 3437 720 3522 quibus
742 3438 817 3502 locis
837 3438 917 3516 θέαις
933 3435 1004 3503 εἶναι
1022 3446 1066 3502 est
1082 3439 1285 3502 Accusativus
1301 3459 1371 3501 cum

288 3554 455 3618 Infinitivo.

335 3670 408 3731 234.
443 3667 539 3744 δμῳῆ,
577 3665 771 3730 scribendum
808 3689 873 3730 esse
908 3689 977 3731 cum
1012 3667 1075 3730 iota
1109 3665 1262 3750 adscripto
1291 3666 1373 3729 haud

288 3805 374 3845 secus
386 3805 420 3846 ae
435 3781 519 3862 Τοῳή
535 3780 608 3845 satis
624 3789 754 3845 constat.
772 3780 943 3845 Videantur
963 3801 987 3845 J.
1004 3801 1043 3843 aa
1059 3799 1163 3844 accur
1180 3782 1376 3852 Homeriacte

296 3899 575 3978 Ualersuebunpea,
600 3918 630 3979 p.
658 3897 722 3959 art
735 3918 780 3979 sq.
806 3904 835 3958 et
860 3915 958 3958 coanr
974 3896 1006 3959 in
1023 3896 1212 3977 Mnemosyne
1228 3916 1254 3958 a.
1272 3897 1374 3970 1873,

289 4034 355 4096 pag.
380 4013 523 4073 52-56.

336 4128 411 4188 235.
437 4121 584 4187 Codicum
610 4122 700 4187 lectio
723 4122 884 4194 Παλλάδος
908 4121 1004 4186 ένονκα
1027 4143 1129 4185 sanam
1153 4121 1376 4204 interpretatio·

290 4263 360 4304 nem
383 4261 445 4302 non
470 4237 624 4314 admittit,
650 4259 742 4320 quare
766 4235 973 4320 obtemperavi
997 4234 1155 4299 Badhamo
1181 4233 1378 4318 probabiliter

291 4353 454 4438 corrigenti
490 4352 630 4418 Παλλαδν
665 4351 792 4415 σύνοικα.
837 4349 1006 4414 Genetivus
1040 4347 1094 4414 πῶν
1126 4349 1202 4424 ἐμῶν
1236 4346 1377 4428 πνροέννων
