3112 4914
617 385 873 431 oouurnrnaros.
1229 367 1291 431 159

203 577 289 641 15555
319 577 356 644 fr.
389 580 470 654 608,
506 576 561 641 ubi
588 576 715 641 candem
740 577 921 641 sententiam
945 585 1049 641 noster
1071 577 1220 661 expressit
1245 577 1292 641 his

206 690 321 755 verbis:
354 692 387 755 τὸ
418 691 444 754 θ’
469 691 599 770 ἔσχατον
630 691 663 765 δὴ
687 699 770 757 τοῦτο
793 692 962 768 θαυμαστὸν
985 690 1096 770 βροτοῖς
1118 690 1124 778 l
1143 691 1291 770 τυραννίς,

205 806 263 884 οὐχ
292 803 378 884 εὕροις
406 801 443 868 θον
469 803 653 885 οίθλιιίτερον,
674 800 680 891 l
700 804 804 884 Φίλιος
826 827 859 866 τε
883 803 992 881 πορθεῖν
1014 802 1064 868 καί
1088 811 1287 868 κατακτανεῖν

111 997 114 1003 Ι
204 916 306 996 χρεών,
326 916 331 1003 Ι
352 923 489 987 πλεῖστος
509 918 522 987 ί
524 916 586 980 ἐπεὶ
602 915 738 1000 Nauck.)
753 916 849 997 φόβος
861 915 996 995 πρόσεστι
1008 919 1051 993 ab
1062 914 1187 996 θροίσιοσί
1197 941 1237 982 τι.
1250 955 1294 966 -

106 1074 109 1079 <
208 1029 323 1094 Seneca
339 1029 449 1115 Oedip.
468 1032 487 1092 6
504 1033 608 1113 (quem
624 1030 728 1093 locum
740 1029 847 1093 citavit
860 1028 1007 1114 Barnes):
1031 1027 1292 1115 Quisquamne

205 1167 329 1231 regno
353 1144 523 1230 gaudet,-
543 1145 704 1209 ofallax
721 1143 876 1209 bonnm!
901 1143 1097 1223 Quantum
1114 1145 1293 1209 malorum

204 1261 343 1324 fronte
367 1281 481 1343 quam
504 1257 658 1323 blanda
680 1259 808 1342 tegisl

253 1377 326 1437 634.
358 1373 611 1451 περιβλέπων
641 1372 750 1449 βίαν,
776 1373 851 1436 vim
875 1372 1199 1456 circumspiciens.
1231 1371 1296 1436 Ad-

207 1488 276 1553 misi
300 1485 489 1573 probabilem
513 1485 662 1571 Stephani
685 1486 901 1549 coniecturam.
934 1485 1049 1562 Animi¹
1065 1507 1156 1570 causa
1180 1507 1295 1548 memo-

206 1601 279 1666 rabo
311 1597 427 1663 Reiskii
458 1599 666 1683 suspicionem
697 1599 787 1676 πικροὶ
809 1598 930 1675 βλέπων
952 1605 1055 1675 μνῶν
1078 1601 1167 1663 αἰῶνα
1190 1599 1293 1675 τείνας

207 1714 261 1799 qui
286 1713 332 1777 vir
354 1713 385 1777 in
408 1712 544 1796 pedestri
568 1712 706 1776 oratione
730 1721 792 1775 tam
816 1719 941 1776 acutum
965 1734 1092 1777 cernens
1116 1713 1147 1777 in
1172 1713 1296 1796 tragicis

208 1826 316 1889 misere
346 1824 424 1888 solet
454 1825 606 1888 caecutire
630 1847 685 1889 555
708 1825 839 1902 sentire,
864 1824 939 1911 quid
963 1825 1138 1911 tragoediae
1159 1827 1294 1910 gravitas

206 1950 340 2024 respuat.
375 1936 520 2002 Getarum
544 1938 600 2002 hac
623 1940 655 2002 in
678 1961 711 2003 re
735 1938 922 2004 Graecorum
947 1939 1142 2025 proverbium
1166 1950 1211 2004 est
1232 1940 1253 2021 ζ
1258 1949 1275 2015 ἢ
1282 1966 1297 2006 ν

208 2052 318 2130 aalys
340 2052 436 2129 βίον.
462 2052 507 2116 De
531 2051 640 2136 adagio
661 2053 741 2118 κατα
756 2055 829 2131 μυὸς
844 2053 953 2132 θλεθρον
969 2055 1006 2120 51.
1023 2055 1188 2133 Aelianus,
1206 2055 1245 2121 H.
1260 2058 1296 2120 Δ.

208 2165 289 2242 ΧΠ,
318 2169 367 2231 10.
900 2168 913 2186 ’

256 2282 328 2344 635.
360 2280 481 2343 αι’ῶνα
511 2280 642 2344 τείνει.
679 2279 761 2346 Med.
795 2283 858 2346 670
886 2282 987 2352 τείνειο
1013 2281 1095 2359 βίον,
1120 2282 1156 2348 fr.
1179 2285 1296 2360 4795,

215 2394 265 2468 10,
291 2391 401 2456 Aeseh.
426 2391 509 2476 Sept.
535 2395 609 2468 535,
630 2391 714 2456 Pers.
740 2395 814 2458 694.
830 2394 983 2478 Aeschylo
998 2396 1217 2460 Accusativum
1233 2400 1297 2462 αίῶ

210 2507 320 2591 (Βοίοίο.
346 2504 461 2571 Aneod.
493 2528 522 2590 p.
554 2508 618 2570 363
625 2555 635 2590 ,
671 2508 723 2588 lt)
756 2507 932 2572 coniectura
958 2508 1094 2573 reddidit
1121 2510 1242 2574 Abrens
1266 2521 1297 2575 et

210 2621 320 2705 Agam.
354 2621 417 2682 339
451 2618 585 2683 Mueller
608 2619 803 2683 scribendum
827 2621 957 2685 coniecit
980 2624 1048 2688 αίῶ
1071 2647 1113 2688 τε
1136 2623 1298 2703 παρθένειον

211 2758 266 2821 pro
290 2737 410 2811 αἰῶνα
433 2735 602 2814 παρθένειον.

256 2853 330 2915 636.
349 2850 476 2927 inntens
496 2850 625 2929 εὐτυχὴς
640 2847 691 2929 ζῆν
706 2887 751 2897 -
766 2849 929 2929 ἤτιίροιννος
941 2849 986 2913 ὤν.
1004 2848 1044 2913 H.
1059 2848 1091 2915 1⁴³.
1109 2853 1193 2914 1413
1205 2849 1299 2931 ζῶσα

210 2964 364 3040 ταπεινθς;
389 2962 466 3028 056.
490 2962 564 3046 Reg.
590 2966 655 3026 410
679 2965 710 3027 οὐ
734 2961 792 3042 γοίρ
811 2988 840 3027 τι
859 2987 902 3027 σοι
918 2961 963 3043 ζῶ
979 2963 1077 3035 δοῦλος
1093 2963 1178 3028 ἄλλα
1194 2963 1298 3047 Λοξίᾳ.
1411 2979 1415 2986 ’

213 3075 260 3141 Ol.
283 3077 383 3141 Plaut.
408 3076 599 3140 Menaechm.
620 3075 659 3152 V,
679 3080 708 3152 5,
729 3078 767 3138 16
789 3098 856 3139 555
877 3098 942 3160 ego
962 3076 1069 3141 homo
1087 3078 1201 3141 miser
1217 3096 1299 3140 vivo.

259 3193 320 3255 637
347 3213 389 3274 55.
425 3188 543 3252 Locum
576 3189 684 3272 partim
718 3211 734 3251 5
770 3187 902 3252 Stobaeo
927 3191 1039 3274 partim
1063 3190 1100 3253 de
1124 3192 1301 3254 coniectura

214 3305 354 3379 restitui,
377 3303 466 3367 cuins
490 3303 623 3366 rationes
647 3301 768 3365 reddidi
799 3303 965 3386 Verslcpea
988 3301 1044 3379 IV,
1072 3306 1101 3379 3,
1126 3326 1156 3388 p.
1179 3307 1238 3367 185
1256 3326 1301 3388 55.

215 3417 263 3482 Ad
288 3424 474 3480 structuram
497 3417 632 3494 τύραννος
655 3451 700 3464 -
722 3410 761 3485 οἷς
787 3414 823 3478 of.
843 3412 943 3480 Orest.
961 3419 1036 3493 910,
1052 3416 1157 3500 ibique
1173 3417 1302 3481 Porsoni

214 3539 245 3593 et
275 3529 427 3592 Schaeferi
460 3528 564 3591 adnot.
611 3526 654 3590 Ut
678 3526 729 3590 hic
751 3534 834 3603 ριιοεῖ
858 3538 1033 3612 corruptum
1060 3538 1106 3592 est
1130 3551 1165 3592 ex
1188 3537 1301 3605 μισεῖν,

214 3643 353 3727 neglecta
385 3641 499 3706 lineola
529 3662 592 3725 qua
623 3639 751 3704 indicari
779 3640 857 3704 solet
879 3650 927 3724 N,
952 3643 995 3705 sic
1019 3641 1088 3706 Hel.
1115 3645 1200 3706 1368
1223 3642 1302 3725 lege·

213 3758 271 3821 rim
295 3755 377 3821 πθσιν
400 3755 424 3819 θ’
447 3755 652 3834 οίπείργειν
675 3757 742 3836 (pro
764 3754 913 3839 απείργει)
937 3764 1028 3833 μῆκος
1051 3758 1084 3820 ἐκ
1108 3756 1201 3832 γαίας
1221 3755 1301 3832 δόρυ,

215 3871 346 3954 repetito
369 3872 414 3934 δεῖ
434 3891 450 3933 5
468 3891 509 3933 vs.
526 3887 715 3952 praegresso.
741 3865 793 3949 (In
816 3867 915 3930 vicino
935 3889 976 3932 vs.
994 3871 1078 3931 1383
1096 3891 1151 3953 pro
1166 3869 1303 3948 οίχλαι·

216 3984 317 4063 νίας,
350 3982 434 4067 5556
464 3982 567 4045 minus
599 3989 681 4043 recte
713 3979 775 4041 coit
804 4000 874 4041 cum
897 3981 1039 4062 sequenti
1062 3989 1150 4064 σῖτα,
1176 3983 1302 4045 fortasse

217 4101 318 4183 aptius
343 4109 389 4161 est
411 4096 610 4176 αχννίας).
631 4130 675 4142 -
696 4092 746 4156 Ad
766 4093 949 4156 sententiam
970 4093 1008 4157 cf.
1029 4094 1135 4179 Suppl.
1160 4099 1224 4158 443
1237 4117 1303 4179 sqq.

103 4213 105 4216 ⁴
217 4220 248 4277 et
273 4212 340 4276 vide
364 4232 441 4295 quae
465 4208 503 4273 dc
527 4207 676 4291 Dionysio
701 4215 829 4290 tyranno
853 4214 955 4269 narret
980 4205 1086 4271 Cicero
1102 4207 1192 4272 Tnso.
1208 4207 1246 4287 Q.
1263 4206 1301 4284 V,

218 4350 243 4392 c.
268 4328 408 4390 30-33,
432 4322 479 4388 cf.
503 4323 596 4386 Isoer.
620 4321 665 4384 de
689 4342 785 4404 pace
809 4321 826 4403 5
853 4323 913 4383 111
931 4343 1014 4404 sqq,
1034 4321 1149 4385 Herod.
1167 4321 1228 4398 111,
1249 4325 1301 4384 80.
