3112 4914
299 383 361 446 176
712 400 964 446 conmonuemus.

342 595 414 658 776.
439 592 484 657 Cf.
512 592 636 677 Hippol.
665 595 729 658 874
752 591 810 657 ‘roi'
834 588 887 677 οἰον
909 591 985 656 atauo
1008 592 1100 671 τρίς
1123 594 1227 673 κακῷ
1251 593 1377 658 κακθν.

298 706 443 772 Androm.
465 709 528 769 386
553 704 645 786 οἰχθος
669 708 716 770 ἔτ’
738 705 825 786 οἰχθει
849 705 910 789 (Of.
934 709 1030 793 475),
1055 705 1165 771 Troad.
1192 709 1255 770 589
1280 706 1328 771 ε’τί
1351 707 1376 770 δ’

294 817 418 896 οἰλγεσιν
440 819 543 896 turea
565 827 676 893 κεῖται,
701 819 741 884 ib.
766 822 829 882 009
854 819 963 900 θιίκρνιί
983 820 1012 884 τ’
1035 823 1068 885 ἐκ
1090 821 1233 900 θακρύιον,
1261 821 1377 886 Hecub.

296 934 359 996 888
390 933 474 1014 ἕτερα
505 935 529 996 δ’
551 933 609 1014 ἀφ’
640 932 739 1013 ἑτέραν
769 933 850 997 κακίι
880 939 974 997 κακῶν
1006 940 1091 1014 κορεῖ.
1126 934 1287 998 Interdum
1312 936 1376 998 sine

294 1047 530 1132 praepositione,
552 1046 637 1110 velut
656 1046 801 1110 1141365
815 1045 899 1127 οἰχεοί
910 1047 939 1111 ν)
951 1044 1059 1130 οἰχεσι,
1073 1048 1181 1127 δοθκριια
1193 1047 1318 1127 θθκριισι.
1332 1087 1376 1098 -

297 1160 388 1224 Hom.
412 1159 450 1223 Il.
474 1171 515 1236 Π,
537 1179 576 1224 111
598 1162 686 1225 κακὸν
708 1162 788 1241 κακῷ
811 1162 967 1239 ε’στνίρικτο.

340 1275 411 1340 780.
444 1277 582 1348 ἐντελῆ
617 1275 780 1340 νεανίαν.
822 1274 961 1358 Aeschyl.
990 1273 1125 1359 Ohoeph.
1157 1277 1239 1352 250,
1261 1283 1291 1337 et
1315 1275 1374 1338 alio

293 1410 384 1452 sensu
415 1389 471 1472 Ag.
505 1390 587 1466 105,
621 1388 674 1452 ubi
705 1388 810 1452 eodem
842 1410 943 1453 errore
975 1387 1045 1452 libri
1076 1387 1190 1452 habent
1216 1388 1372 1464 ἐκτελέων,

292 1508 459 1566 eorreotum
482 1499 520 1564 ab
545 1501 671 1564 Aurato.

338 1617 411 1680 782.
441 1612 560 1695 οἰφατον
588 1612 714 1695 οἰρρντον.
747 1613 848 1678 Metro
871 1614 1012 1679 medetur
1034 1613 1201 1699 probabilis
1225 1614 1375 1683 Badhami

291 1730 466 1793 coniectura
486 1750 578 1813 quam
601 1728 749 1813 adscripsi
773 1727 907 1814 (Tragm.
930 1729 1004 1793 Eur.
1029 1732 1094 1792 478
1115 1729 1148 1795 τὸ
1167 1738 1220 1804 τῆς
1239 1730 1372 1826 drapum

290 1845 329 1906 ού
350 1840 487 1917 λέγειν
505 1839 567 1904 ὅσον
586 1839 672 1920 ζνγθν
695 1840 999 1925 interpretamentum
1023 1845 1054 1906 ού
1074 1843 1172 1919 λέγειν
1192 1863 1256 1904 esse
1273 1847 1374 1924 potest

291 1954 433 2018 adiectivi
456 1955 583 2035 ἄφατον.
619 1952 758 2017 Fortasse
782 1977 886 2018 verum
911 1967 973 2018 est:
998 1956 1031 2021 τὸ
1054 1964 1107 2030 τῆς
1127 1955 1261 2032 οἰνοίγκκς
1276 1952 1374 2035 οἰφα·

289 2067 353 2132 τόν
383 2066 457 2132 ἔσθ’
490 2064 553 2132 θσον
579 2065 688 2150 ζνγθν.)
727 2067 774 2130 Ad
799 2089 1036 2152 synonymorum
1061 2069 1317 2134 coacervationem
1341 2067 1373 2130 in

290 2181 487 2245 commotiore
510 2180 646 2244 oratioue
671 2180 708 2244 of.
737 2179 853 2245 Heoub.
881 2184 932 2258 76,
960 2169 1032 2258 155,
1059 2184 1133 2258 913,
1160 2184 1233 2258 705,
1258 2188 1328 2245 cett.

299 2337 300 2341 =
337 2298 409 2359 784.
442 2295 574 2374 θροεῖς.
612 2293 678 2357 Hoc
706 2293 797 2357 verbo
822 2294 991 2378 Aeschylus
1014 2303 1044 2358 et
1067 2294 1228 2380 Euripides
1252 2302 1372 2357 tantum

289 2409 321 2471 in
346 2406 461 2470 melicis
486 2413 625 2483 utantur,
650 2412 756 2469 contra
779 2405 946 2490 Sophocles
970 2407 1149 2491 plerumque
1165 2407 1197 2470 in
1213 2404 1372 2489 diverbia,

290 2522 343 2605 qui
374 2521 524 2585 abstinuit
555 2543 572 2584 a
601 2519 757 2599 θρέομαι,
791 2519 873 2603 quod
896 2543 913 2584 a
937 2520 1061 2603 reliquis
1085 2520 1170 2614 iuxta
1193 2541 1261 2583 oum
1289 2521 1373 2599 θροεῖν

289 2633 462 2698 adhibetur.
500 2635 557 2718 Ap.
582 2632 691 2698 Aeaoh.
714 2632 804 2698 Eum.
830 2635 892 2695 510
918 2640 964 2697 est
987 2632 1118 2697 medium
1144 2633 1312 2713 θροούμενος.

336 2750 408 2812 785.
438 2745 514 2818 ύτως
546 2768 600 2831 pro
631 2753 691 2818 πῶς
723 2746 839 2811 correxi
871 2749 1035 2831 Verolopen
1056 2745 1113 2824 IV,
1141 2749 1160 2808 8
1186 2769 1213 2831 p.
1238 2749 1318 2824 903,
1342 2754 1372 2807 et

289 2860 392 2924 eadem
414 2882 505 2946 opera
524 2859 592 2945 Iph.
612 2859 645 2925 T.
666 2861 728 2923 257
754 2857 823 2924 ύτον
847 2882 900 2944 pro
924 2866 994 2933 τῶς.
1016 2897 1062 2908 --
1081 2859 1371 2939 ἐκπεραίνεται.

289 2973 372 3060 Oyol.
397 2977 460 3038 690
486 2972 613 3045 ταλαιύς
635 2974 769 3054 χρησμὸς
792 2975 1002 3054 ἐκπεραίνεται.

335 3092 407 3154 788.
430 3089 470 3152 ἐκ
493 3089 587 3153 θεοῦ.
620 3086 667 3152 Of.
691 3110 785 3173 supra
807 3087 846 3149 ad
870 3090 944 3152 405.

336 3207 408 3267 739.
432 3201 588 3281 ἔλαχον.
612 3200 740 3265 Correxi
773 3203 938 3284 Verelopen
961 3199 1018 3286 IV,
1043 3202 1061 3262 2
1087 3222 1114 3284 p.
1142 3202 1214 3264 186.
1235 3197 1281 3263 of.
1302 3197 1371 3283 Iph.
1447 3247 1450 3253 .

235 3371 237 3376 .
288 3316 323 3380 T.
344 3319 407 3378 804
423 3313 560 3395 οἰτοίτορα
575 3313 686 3392 τθτμον
702 3313 823 3397 ἔλαχον,
841 3314 880 3378 ib.
899 3316 964 3376 914
979 3313 1045 3378 τθνα
1057 3312 1168 3389 πότμον
1180 3311 1284 3391 εἰλκχε
1295 3311 1370 3388 βίον.

335 3430 408 3494 797.
432 3429 506 3493 Heu.
530 3430 593 3491 100
617 3425 702 3508 αἰθέρ’
725 3427 921 3505 ἀμπτάμενος
944 3428 1073 3507 ούροίνιον,
1100 3424 1152 3490 Or.
1176 3426 1258 3490 1370
1275 3425 1372 3489 τολιθν

291 3541 374 3623 αἰθέρ’
398 3541 612 3624 οἰμττοίμενος,
645 3541 759 3606 Phoen.
786 3543 847 3606 107
872 3541 972 3620 δρόμον
995 3539 1167 3616 ἐξανύσαιμι
1191 3540 1225 3602 δι’
1248 3539 1369 3619 αἰθέρος,

214 3714 217 3719 ,
289 3657 359 3742 lph.
384 3656 418 3720 T.
443 3659 505 3720 843
529 3657 572 3734 μὴ
595 3656 663 3736 πρὸς
687 3654 784 3735 αἰθέρα
806 3655 1003 3733 οἰμττοίμενος
1026 3653 1120 3736 Φύνρ.

336 3773 409 3834 801.
433 3771 661 3850 οἰκύρνκτον.
691 3768 809 3833 Haraol.
835 3771 887 3844 91,
915 3767 1007 3853 Soph.
1030 3767 1136 3832 Traoh.
1160 3770 1213 3831 45.

332 3886 406 3948 806.
431 3883 578 3957 σκκνιίς
601 3886 638 3955 ἐς
662 3883 781 3963 ἰεροίς.
816 3879 863 3946 cf.
889 3885 963 3946 982.
993 3881 1156 3964 Musgrave
1179 3880 1280 3964 iungit
1304 3903 1371 3958 τρο-

287 4000 375 4062 θύσαν
405 3999 514 4071 σκκνοίς
544 3998 573 4069 ἐς
604 3996 681 4077 ἰεροίς
706 4003 841 4060 vertens:
865 3995 1156 4059 immolaturus
1179 3995 1218 4058 iu
1242 3993 1370 4057 saeris

285 4110 590 4188 tabernaculis,
614 4110 695 4193 quod
719 4110 763 4189 sio
786 4109 899 4173 Graece
924 4109 985 4172 diei
1004 4109 1140 4193 potuisse
1159 4107 1284 4171 minime
1302 4128 1370 4190 pro*

287 4223 360 4288 bant
384 4247 461 4308 quae
487 4224 573 4287 affert
595 4224 742 4309 exempla.
781 4222 885 4307 Vulgo
912 4223 1046 4305 iungunt
1067 4221 1187 4302 φροῦδος
1208 4220 1317 4294 σκκνίις
1339 4220 1369 4290 ἐς

285 4339 362 4419 ἰερίιο
393 4338 535 4417 τροθύσιον
566 4339 645 4420 κτὲ.,
679 4359 748 4401 oum
777 4358 839 4421 qua
861 4337 1013 4400 sententia
1037 4334 1124 4398 facile
1148 4332 1271 4423 quidem
1296 4353 1368 4395 con·
1429 4382 1432 4388 .
