3112 4914
619 391 870 439 oouuuuramvs.
1223 379 1285 439 103

199 583 279 669 apud
310 591 422 668 poetas.
460 584 650 670 Thucydidi,
676 586 726 650 cui
750 594 795 651 est
817 597 866 652 sat
889 587 1064 666 familiaris,
1088 589 1171 654 hunc
1194 612 1283 654 usum

195 697 273 762 male
298 697 454 763 abiudicat
478 699 626 764 Badham.

241 814 304 876 223
322 834 366 896 sq.
390 813 505 889 μέσον
529 814 725 896 ὀμφαλόν.
762 814 807 880 Of.
831 815 870 879 ad
894 818 923 881 t.
955 814 1028 880 Erat
1051 817 1083 880 in
1104 816 1177 901 ipsis
1198 840 1287 901 pene·

195 924 325 989 trelibus
350 930 414 1008 (τοῦ
437 933 505 991 νυοῦ
529 927 562 991 οὶ
586 926 723 992 {cosdra
744 927 905 1013 Pansam),
923 928 1007 1012 quod
1024 929 1176 993 strictiore
1192 951 1284 994 sensu

194 1046 329 1114 μυνοεῖον
353 1040 521 1106 dicebatur.
556 1041 666 1106 Strabo
690 1041 748 1118 IX,
774 1046 792 1105 3
815 1043 832 1126 d
856 1045 892 1105 6:
916 1050 980 1116 Τῆς
1001 1041 1144 1114 Ἑλλάδος
1160 1044 1282 1124 ἐνμέσῳ

194 1153 254 1224 πώς
286 1155 347 1218 ἐστι
378 1164 432 1229 τῆς
454 1153 633 1236 ουμντοὶοης,
657 1164 710 1229 τῆς
734 1180 768 1220 τε
792 1154 871 1227 ἐντὸς
894 1157 1009 1232 Ἰσθμοῦ
1033 1155 1081 1219 κον)
1107 1165 1160 1231 τῆς
1185 1157 1283 1233 ἐκτός,

194 1268 324 1345 ἐνομίσθη
348 1268 378 1333 δὲ
401 1268 450 1332 uei
473 1276 526 1344 τῆς
550 1269 712 1345 οἰκουμένης
736 1269 787 1333 nai
811 1267 958 1334 ἕκοὶλεονν
981 1277 1033 1344 τῆς
1056 1277 1114 1346 γῆς
1130 1271 1282 1353 ομφοολόν,

193 1382 437 1463 προοπλοὶοοοντες
468 1383 516 1447 sci
547 1384 652 1465 μῦθον,
683 1380 713 1447 ὅν
743 1390 816 1465 Φηοι
848 1383 985 1465 Πίνδαρος
992 1433 1000 1466 ,
1032 1381 1076 1448 ὅτι
1110 1383 1284 1461 ουμνοέοονεν

193 1499 319 1563 irretita
349 1499 373 1561 οἱ
403 1497 483 1561 deret
514 1498 538 1561 oi
568 1497 726 1577 abbatissas
757 1497 811 1561 ὑπὸ
842 1503 894 1562 τοῦ
922 1497 1009 1573 Διός,
1034 1497 1280 1575 detraxistis

193 1611 316 1686 δύσεως,
340 1613 354 1673 o‘
378 1610 401 1674 δ’
421 1612 481 1674 cirri
497 1617 550 1683 τῆς
566 1611 731 1686 decretae,
753 1612 777 1675 oi
797 1610 826 1675 δὲ
846 1608 971 1692 adposuit
991 1618 1086 1689 Φονον·
1107 1612 1282 1678 dotaverat

193 1725 229 1788 di
261 1725 326 1790 act
357 1725 541 1807 ὀμφαλός
571 1750 631 1796 τος
662 1727 700 1788 ἐν
729 1726 778 1805 τῷ
809 1727 881 1803 νοοῷ
912 1726 1129 1802 τεοουνιονμένος
1156 1727 1206 1790 κυνὶ
1235 1730 1281 1792 ἐπ’

193 1841 272 1919 adri>
297 1840 328 1902 οοὶ
352 1839 414 1904 tto
437 1837 588 1910 εἰκόνες
611 1845 678 1904 τοῦ
703 1837 836 1915 μύθου.
869 1838 987 1902 Ultima
1012 1838 1101 1903 verba
1126 1841 1280 1906 nonsatis

192 1952 330 2036 expedio.
373 1951 521 2015 Voluitne
558 1952 689 2016 duarum
724 1952 848 2016 illarum
884 1953 1055 2040 aquilarum
1092 1954 1279 2020 simulacra?

192 2068 304 2132 Saltem
329 2089 406 2143 non,
432 2089 508 2150 quas
533 2066 694 2151 Euripides
719 2077 866 2131 memorat
886 2069 917 2131 h.
936 2068 955 2132 l.
975 2068 1143 2152 Gorgones.
1167 2069 1280 2133 Pausa·

192 2184 257 2247 nias
288 2181 335 2258 X,
372 2185 430 2258 16,
465 2185 501 2246 2ε
531 2181 580 2246 τὸν
610 2181 635 2245 δ’
659 2181 714 2246 ὑπὸ
743 2188 871 2263 Δελφῶν
895 2182 1072 2259 καλούμενον
1096 2182 1280 2264 ὀμφαλὸν

190 2298 298 2361 λιθοῡ
333 2296 598 2373 πεποιημένον
634 2302 777 2362 λευκοῦ
813 2296 874 2363 avt.
924 2295 1052 2381 Saepius
1086 2305 1212 2380 apparet
1246 2298 1287 2375 iu,

191 2409 313 2476 vasibus
341 2410 484 2493 antiquis.
520 2409 567 2473 Of.
591 2429 752 2486 suenrus,
779 2411 965 2474 Denicmct'ler
988 2413 1042 2474 der
1065 2410 1135 2475 Alte
1157 2412 1276 2488 Kuuat,

191 2524 224 2600 Ι,
249 2523 308 2588 tab.
333 2523 395 2604 XI,
421 2523 555 2601 40‚11,
580 2522 643 2589 tab.
668 2523 744 2599 XII,
770 2526 844 2599 135,
872 2527 947 2600 137,
973 2522 1066 2601 XIII,
1092 2528 1144 2589 48.
1179 2525 1279 2609 Prope

190 2637 289 2702 stabat
321 2637 443 2719 laurus,
476 2638 565 2701 cuius
593 2637 666 2701 folia
689 2637 801 2721 Pythia
823 2636 1047 2715 manducabat,
1072 2638 1278 2724 manebatque

181 2744 256 2815 vfons
280 2751 440 2817 Κοοοτυλίοο
464 2751 514 2833 (cf.
540 2751 629 2816 Paus.
654 2750 694 2828 X,
718 2756 770 2829 24,
797 2756 814 2813 5
845 2761 874 2814 et
899 2751 1005 2837 Eurip.
1028 2752 1097 2836 Iph.
1113 2752 1146 2818 Τ.
1165 2756 1276 2838 1257),

189 2867 277 2930 cuius
308 2888 417 2950 aquam
446 2863 574 2949 potabat
606 2874 769 2948 autequam
794 2866 996 2930 vaticinatura
1020 2867 1167 2931 cortinam
1192 2888 1278 2931 oons-

189 2980 338 3044 cenderet.
362 2977 407 3043 Of.
431 2977 505 3044 Luc.
529 2955 594 3043 bis
618 3001 693 3044 acc.
717 3000 782 3062 cap.
802 2979 828 3042 I.
857 2977 991 3043 Laurum
1010 2979 1099 3056 deus,
1116 2979 1272 3044 oraculum

189 3094 312 3179 quaudo
335 3093 492 3169 redderet,
518 3100 680 3156 concutere
704 3091 893 3169 credebatur,
918 3102 952 3155 ut
982 3102 1027 3156 est
1051 3093 1133 3176 apud
1157 3095 1274 3159 Aristo·

187 3213 317 3295 phanem
347 3211 378 3274 in
412 3210 554 3274 Pluto:
586 3211 600 3274 d
632 3210 736 3288 Φοῖβος
768 3210 857 3282 οὗτος
880 3212 1004 3285 liodrada
1026 3211 1128 3283 οείοοος
1151 3211 1271 3291 δνὶφνην.

189 3324 325 3408 Adytum
356 3322 497 3408 cingebat
527 3323 698 3388 cancellum
721 3324 833 3403 θριγκός
858 3323 918 3408 (Of.
942 3324 1021 3389 infra
1046 3328 1163 3406 1320),
1189 3326 1272 3409 quod

187 3461 329 3523 superare
363 3439 407 3502 fas
443 3461 507 3503 esse
543 3437 675 3503 Creusae
710 3438 875 3503 comitibus
912 3441 1042 3523 primum
1079 3438 1116 3502 Io
1147 3448 1272 3523 rogatus
1301 3418 1304 3423 .

188 3552 350 3635 praefracte
381 3563 473 3635 neget
506 3575 547 3616 vs.
580 3554 662 3628 222,
696 3575 765 3616 mox
799 3575 869 3616 vero
897 3575 938 3618 vs.
963 3556 1027 3616 226
1048 3573 1113 3637 sqq.
1137 3555 1179 3617 ita
1202 3576 1272 3619 con·

187 3666 280 3742 cedit,
318 3667 344 3728 si
380 3667 503 3730 veniant
539 3667 712 3730 consulturi
747 3667 902 3734 oraculum
938 3674 969 3731 et
1004 3667 1088 3752 prius
1123 3669 1271 3751 pecudem

187 3781 394 3843 mactaverint.
439 3779 572 3844 Feminis
603 3802 723 3844 omnem
748 3781 786 3844 ed
812 3781 980 3865 penetralia
1004 3802 1158 3845 accessum
1181 3782 1272 3846 inter-

187 3894 303 3957 dictum
331 3893 426 3956 fuisse
448 3892 587 3978 perhibet
612 3894 813 3968 Plutarchus,
839 3916 931 3978 quem
955 3895 1068 3958 frustra
1090 3916 1160 3958 cum
1184 3893 1272 3960 Euri-

186 4008 255 4090 pide
279 4007 439 4071 conciliare
463 4015 591 4071 conatus
616 4021 661 4071 est
686 4008 858 4091 Musgrave.
880 4007 1022 4072 Fortasse
1043 4017 1182 4093 tempora
1198 4019 1272 4074 sunt

185 4119 412 4203 distinguenda.

231 4237 306 4296 225.
332 4233 503 4298 Verborum
524 4235 741 4319 proprietatem
762 4235 914 4319 spectanti
934 4242 1023 4319 poeta
1043 4236 1141 4321 primo
1158 4228 1270 4300 obtutu

186 4349 244 4412 hoe
277 4348 377 4412 dicere
414 4348 551 4412 videtur:
588 4349 622 4412 si
658 4348 969 4434 autetemplum
994 4348 1078 4412 offa
1102 4349 1270 4413 fecistis
