3112 4914
547 387 696 433 ADDENDA
721 389 758 432 ΕΤ
781 389 990 436 consternor.

456 590 575 665 potest,
608 590 643 645 ut
674 592 804 668 uterquc
836 605 958 659 versus,
984 589 1138 647 correctus
1161 590 1197 646 ut
1220 581 1321 646 voluit

453 694 635 773 Wecklein,
663 697 703 760 sit
726 695 913 762 retinendus.

229 809 266 872 ad
281 832 320 870 vs.
339 811 432 874 l422.
456 810 658 887 ε’κκνννγετεῖ,
683 810 782 875 διώκει.
808 809 853 874 Cf.
877 809 987 875 Aesch.
1011 801 1138 874 Eumen.
1164 812 1239 874 221.

274 971 293 999 „
336 925 431 986 1464.
454 923 611 987 ἑστιοῦτοιι.
645 923 746 987 Huius
774 922 858 986 verbi
880 923 1007 987 formam
1033 922 1164 986 mediam
1190 922 1320 1006 Madvig
1412 971 1414 975 -

453 1035 637 1100 restituebat
662 1035 782 1100 Platoni
807 1035 881 1121 ch.
901 1035 942 1112 X,
965 1060 993 1121 p.
1015 1039 1075 1100 611
1097 1046 1171 1101 extr.
1183 1035 1319 1100 scribens

455 1147 510 1214 ίίτε
540 1157 597 1226 γῆν
627 1150 862 1232 ἕστιονμίνμ
889 1172 945 1235 pro
972 1150 1146 1232 ἑστιωμένῃ,
1170 1150 1320 1233 interpre-

452 1274 519 1327 tans
553 1275 697 1328 terram
731 1263 988 1327 domicilium
1022 1262 1103 1326 sibi
1128 1263 1317 1328 facienti.

452 1376 650 1441 Manifestum
687 1385 787 1441 tamen
823 1385 869 1440 est
903 1399 972 1440 eum
1005 1378 1059 1461 qui
1091 1377 1164 1440 haec
1193 1377 1344 1460 scripsit'

452 1492 616 1574 respexisse
643 1491 680 1554 ad
703 1513 832 1576 sequens
854 1490 1009 1556 ἑστιάσεων
1025 1492 1130 1574 itaque
1147 1491 1265 1554 dedisse
1283 1490 1316 1554 id

453 1604 535 1688 quod
568 1614 614 1667 est
646 1606 676 1668 iu
707 1604 804 1670 libris.
851 1603 1064 1668 Nihilominus
1088 1614 1186 1668 totum
1212 1603 1315 1667 locum

453 1718 691 1801 magistellorum
712 1717 974 1782 annotatiunculis
997 1717 1192 1802 deturpatum
1210 1725 1239 1780 ct
1256 1717 1315 1780 im-

452 1830 587 1914 peditum
611 1855 676 1894 esse
700 1832 849 1896 existimo.
872 1830 1068 1916 scripserim:
1091 1833 1142 1901 Είς
1162 1832 1214 1904 τὴν
1231 1835 1318 1911 Φιλο-

456 1947 563 2028 σοφίοιν
596 1951 686 2020 αὐτῆς
720 1947 774 2029 (sc.
806 1954 859 2019 τῆς
890 1949 1006 2027 ψυχῆς)
1037 1945 1082 2009 δεῖ
1110 1944 1234 2021 βλέπειν
1266 1943 1318 2007 aa)

456 2061 554 2123 ἐννοεῖν
585 2057 622 2123 ὧν
655 2059 785 2123 accerse
820 2061 870 2122 κονῖ
906 2056 966 2123 οἵων
999 2058 1116 2136 ε’Φίετοιι
1140 2059 1257 2132 ὁμιλιῶν
1279 2058 1318 2128 ὡς

455 2170 601 2249 ξυγγενὴς
632 2169 704 2236 οὖσαν
734 2175 774 2252 τῷ
805 2197 838 2237 τε
866 2171 927 2253 ίείςο
949 2172 998 2235 νοοῖ
1022 2169 1159 2250 σῖίοινοίτῳ
1184 2170 1233 2236 νοοῖ
1260 2171 1316 2254 [τῷ

453 2282 535 2366 dele]
559 2283 605 2347 οῖεῖ
629 2282 686 2347 ίντι
709 2283 759 2347 nal
783 2281 828 2348 οῖον
851 2282 886 2349 dv
907 2285 1016 2361 γένοιτο
1035 2285 1076 2363 τῷ
1091 2282 1208 2359 τοιούτῳ
1224 2285 1313 2346 σοῖσιν

451 2397 629 2472 ε’σιστομὲνν
652 2396 701 2459 nal
726 2397 780 2460 ὑπὸ
803 2395 914 2471 τοιιίτνς
935 2405 988 2471 τῆς
1008 2397 1096 2477 δομῆς
1112 2396 1314 2472 ἐκκομισθεῖσα

452 2511 484 2574 ἐκ
513 2517 563 2575 τοῦ
595 2511 699 2575 τίνσον
730 2514 759 2575 ἐν
789 2507 809 2592 ᾧ
840 2519 888 2577 νῦν
919 2513 980 2578 ἔστι
1004 2512 1053 2575 nul
1078 2512 1310 2591 τερικμονσίεῖσοι

445 2623 576 2708 ’[τίτροις
604 2627 709 2689 τεκνοῖ
734 2625 839 2706 ὄστρεον
861 2625 928 2689 dele
953 2626 1048 2709 petila
1072 2648 1087 2687 c
1112 2623 1310 2708 praegressis]

451 2734 472 2801 οῖ
496 2744 543 2800 νῦν
569 2739 646 2817 αὐτῇ
676 2735 744 2821 [cire
760 2748 828 2825 yla
857 2739 1013 2815 ἕστιωμένγ
1041 2736 1123 2821 dele]
1149 2736 1242 2814 γεηροί
1264 2736 1314 2800 sal

450 2850 578 2928 τετρώδν
610 2854 710 2915 τολλίι
741 2852 790 2915 acl
823 2851 915 2930 clypea
946 2848 1143 2931 τεριτέΦνκεν
1177 2850 1232 2915 ὑπὸ
1255 2855 1311 2914 τοῖν

450 2962 623 3040 εὐδαιμόνων
648 2964 812 3042 λεγομένων
835 2963 1062 3030 ἑστιοίσεων.

271 3126 289 3154 ,,
335 3078 427 3138 1505.
457 3077 612 3153 Εὑδοιίμων
647 3075 683 3140 ab
718 3079 849 3158 εὐτυχής
884 3077 1050 3161 distinguit
1085 3077 1192 3160 Eurip.
1227 3075 1312 3140 Med.

461 3194 544 3254 1228
562 3213 640 3274 sqq„
659 3194 795 3272 εὐτυχεῖν
811 3189 849 3256 ab
869 3190 901 3257 εὖ
917 3190 1056 3272 τροίττειν
1073 3190 1161 3254 Plato
1180 3189 1313 3273 lluthyd.

457 3327 523 3390 cap.
547 3309 566 3369 8
592 3327 636 3389 sq.
