3112 4914
624 420 625 424 ’
646 438 901 486 eounnnrssms.
1253 420 1319 486 243

277 641 372 702 1488.
396 638 547 721 κρύφιον
567 634 658 702 Ιὠδῖν’
680 636 808 728 ἔτεκον,
825 636 1010 722 periphrasis
1026 660 1082 723 pro
1097 637 1198 720 κρύφα
1210 634 1317 702 έπειιον.

277 754 373 817 1489.
408 751 566 838 Scriptura
601 761 756 838 corrupta.
800 753 964 839 Musgrave
996 753 1149 848 coniecit:
1181 753 1319 834 παρθένιοι

230 863 254 928 δ’
285 865 358 947 ἔργ’,
390 869 427 938 ὥς
459 867 583 948 ματέρος
614 867 776 948 σπάργαν’,
803 866 968 948 ἀμφίβολα
990 891 1032 932 σοι
1055 869 1136 951 ατὲ.;
1163 865 1319 931 Hermann

230 979 367 1059 παρθένια
399 979 423 1044 δ’
448 981 503 1045 ἀπ’
535 982 610 1057 ε’μῖις
641 980 766 1061 ματέρος
796 979 979 1064 ἀμφίβολα,
1011 979 1107 1044 eiecto
1137 979 1318 1060 σπάργανα,
1362 992 1364 996 ’

229 1091 323 1178 Paley
359 1093 497 1174 παρθένια
529 1095 567 1160 δὲ
595 1096 667 1167 octe
692 1119 744 1173 μ,
771 1094 855 1178 qnod
879 1094 994 1179 recepit
1019 1092 1168 1173 Diodori,
1193 1093 1320 1178 Madvig

230 1209 383 1289 παρθενίας
416 1209 445 1272 δὲ
477 1209 621 1293 ματέρος,
649 1208 764 1274 Theod.
796 1209 886 1273 Koch
915 1209 1077 1274 Veriaimat.
1101 1231 1129 1292 p.
1155 1209 1217 1272 20⁷
1243 1231 1319 1288 παρ-

230 1321 306 1387 θένια
338 1324 416 1389 δέει
447 1324 588 1403 ματέρος,
621 1323 658 1389 ol.
688 1346 730 1388 vs.
760 1326 835 1402 898,
859 1344 938 1408 quae
963 1325 1139 1388 coniectura
1162 1344 1198 1387 eo
1222 1323 1320 1408 magis

231 1437 308 1501 mihi
332 1437 503 1515 arridebat,
529 1437 612 1522 quod
636 1437 701 1522 ipse
725 1436 832 1500 ecdem
856 1435 924 1500 loco
947 1436 1060 1500 collato
1083 1437 1116 1499 in
1134 1458 1199 1500 eam
1215 1435 1319 1501 incidi.

231 1550 341 1614 Fateor
373 1557 474 1615 tamen
506 1574 553 1615 me
587 1550 634 1615 vel
658 1551 701 1614 sie
725 1548 882 1627 dubitare,
907 1572 981 1614 num
1005 1550 1091 1615 locas
1117 1559 1320 1635 perpurgatus

232 1665 281 1730 sit.
314 1665 455 1750 Explicat
486 1665 592 1731 Koch:
625 1665 789 1743 „matria
818 1665 917 1728 iram
942 1673 1127 1730 metuens
1152 1688 1206 1750 pro
1229 1667 1319 1730 iustis

235 1778 468 1859 ‚,inenuabulis,
493 1802 572 1864 quae
596 1787 715 1864 praesto
739 1802 801 1843 non
826 1786 941 1855 essent,
968 1801 1057 1862 quam
1081 1779 1236 1844 celerrime
1254 1782 1321 1864 pro·

232 1893 361 1978 „fligato
384 1893 483 1957 officio
508 1893 582 1957 haee
607 1893 757 1957 velamina
776 1915 794 1956 a
810 1893 925 1976 virgins
942 1915 990 1956 me
1006 1892 1161 1977 quondam
1179 1900 1321 1958 contexta

232 2008 312 2085 „tibi
336 2004 455 2074 inieci.’'
493 2009 535 2070 nt
558 2007 638 2071 male
662 2030 709 2071 me
733 2006 825 2071 hahet
849 2005 984 2088 παρθένια
1008 2004 1242 2084 σπιθρνανα,
1266 2029 1324 2091 pro

233 2144 296 2208 quo
319 2123 386 2187 iure
409 2130 604 2207 expectamus
628 2122 743 2203 ἔργα,
777 2130 831 2186 aut
855 2121 972 2206 aliquid
996 2121 1029 2184 in
1053 2120 1179 2184 eandem
1204 2128 1331 2185 senten-⁴

231 2238 317 2302 tiam.
352 2235 522 2317 Σπαργανα
554 2236 705 2320 glossema
737 2257 802 2300 esse
834 2236 892 2312 vix,
913 2234 1040 2310 dubito,
1072 2235 1129 2299 sed·
1149 2234 1224 2320 quid
1249 2228 1334 2300 satis

234 2349 434 2434 probabiliter
450 2349 634 2414 substituam
653 2372 714 2414 non
733 2349 860 2433 reperio.
883 2347 1024 2432 Cogitavi
1039 2348 1077 2412 de
1089 2347 1334 2416 substituendos

234 2465 337 2539 anal‘
362 2462 526 2546 ἀμφίβολα
548 2487 592 2529 σοι
615 2466 676 2530 ιιτὲ.
701 2462 904 2548 Hesychius:
929 2471 978 2537 πῆ
987 2485 1058 2541 νος,
1084 2460 1225 2546 ὕφασμα.

284 2580 380 2643 1491.
402 2577 578 2659 ιιέριιθδος
600 2579 697 2654 ἐμαῖς
720 2578 904 2649 πλιένονς.
933 2576 1123 2654 llrrores,
1148 2578 1170 2643 i.
1187 2601 1212 2643 e.
1236 2577 1336 2641 radi-v

234 2697 352 2766 menta,
378 2689 555 2753 tirocinium
565 2736 575 2766 ,
598 2688 657 2753 vid.
672 2692 779 2754 1419.
802 2689 928 2752 Musca.
954 2691 1003 2752 An
1021 2690 1094 2774 quia
1110 2691 1212 2755 radius
1230 2689 1320 2754 telam

235 2825 385 2886 pererrare
401 2801 547 2866 videtur?
571 2802 698 2868 Murra.
721 2802 790 2867 Hoc
808 2801 1008 2887 probaverim.
1034 2803 1211 2868 Hermanno
1224 2803 1324 2887 placet

234 2916 351 2992 πθνονς,
377 2916 460 3000 quod
485 2915 576 2980 scribi
600 2917 761 3002 potuit,
786 2939 848 2981 non
873 2917 1022 2984 debuit.

281 3010 378 3093 1493.
410 3030 588 3106 γάλακτι
620 3033 696 3098 ιιτὲ.
730 3030 832 3101 Ιιοοιιε
865 3032 1012 3114 vitiosus;
1037 3053 1105 3096 nam
1130 3030 1191 3095 dici
1216 3032 1324 3117 nequit

235 3164 296 3227 qao
331 3152 420 3228 pacto
451 3145 585 3222 γάλακτι
617 3145 777 3208 cohaereat
800 3166 870 3209 cum
895 3144 1103 3228 sequentibus.
1141 3145 1226 3225 Quid
1250 3145 1325 3210 scri-

234 3252 370 3320 bendum
403 3255 481 3319 mihi
512 3255 651 3319 videatur
683 3255 789 3319 monui
821 3255 853 3320 iu
886 3257 1038 3340 margine,
1073 3257 1129 3320 hac
1154 3259 1322 3322 sententia:

234 3366 308 3432 Sed
333 3368 482 3436 misera
508 3366 580 3450 (tibi
602 3367 640 3434 ef.
666 3371 766 3452 1490)
790 3391 862 3432 non
888 3367 1060 3452 praebui
1084 3391 1151 3434 nec
1176 3392 1324 3439 mamma

235 3491 459 3545 maternum
491 3481 733 3547 alimentum
766 3503 838 3546 nec
861 3482 1024 3546 lavacra
1046 3482 1241 3548 manibus.
1276 3483 1324 3549 Ο.

238 3595 405 3679 Veralcpcn
438 3593 494 3672 lv,
530 3617 557 3679 p.
593 3575 665 3662 191.
711 3595 945 3661 substantivum
980 3599 1065 3675 γθιια
1102 3620 1150 3662 me
1181 3598 1326 3662 admonet

236 3708 296 3772 loci
329 3707 444 3773 Phoen.
478 3711 563 3777 leat
596 3710 707 3790 ματρὸς
738 3713 814 3788 έμιῖς
845 3711 983 3789 διδύμοισι
1010 3711 1219 3789 νιέλαιιτος
1243 3712 1325 3793 παρθι

235 3827 378 3903 μαστοῖς,
417 3819 472 3884 abi
511 3821 601 3885 metri
637 3821 781 3907 dactylici
816 3826 894 3888 ratio
932 3825 1075 3888 vitiosum
1112 3848 1177 3899 esse
1213 3827 1325 3890 evincit

234 3933 408 4011 γάλακτος,
427 3933 510 4016 quod
530 3932 575 3998 ihi
598 3956 659 3999 non
681 3957 768 4000 secus
788 3946 881 4019 atque
902 3937 933 4000 in
951 3936 1009 4000 hoc
1021 3937 1108 4001 Ionis
1121 3938 1189 4001 loco
1201 3948 1326 4023 propter

236 4065 436 4124 mammarum
469 4043 656 4108 mentionem
681 4067 700 4108 a
721 4045 889 4129 glossatore
913 4045 1067 4109 invectum
1092 4046 1239 4129 suspicor,
1264 4067 1327 4130 quo

236 4158 333 4221 eiecto
357 4157 494 4222 conicio:
520 4157 644 4236 διδύμοις
670 4159 888 4243 (τροφίμοις)
912 4159 996 4239 παροδ
1014 4166 1151 4236 μαστοῖς.
1168 4158 1328 4224 Glossema

236 4271 380 4356 deturpat
403 4255 586 4336 Philoctetis
611 4294 735 4358 quoquc
759 4272 860 4337 locum
884 4275 968 4336 1223
985 4271 1038 4337 σὺν
1053 4273 1163 4356 σπονδῇ
1181 4272 1328 4364 [camald.
1409 4353 1411 4356 Ι

236 4383 289 4447 ubi
312 4383 396 4455 ποδός
421 4381 602 4478 substituas.
627 4383 674 4450 of.
701 4385 775 4451 Hec.
800 4387 876 4463 216,
902 4385 995 4451 Rhea.
1021 4389 1073 4452 85.

1181 4501 1227 4548 ro*
