3112 4914
624 359 881 403 conuaursmus.
1237 338 1299 402 143

211 551 422 618 bulationibus
462 553 542 617 inter
577 554 751 618 texendum.
796 553 883 618 Inter
919 560 1081 636 utramque
1116 551 1299 616 sententiam

213 672 298 753 optio
325 677 371 733 est
395 692 429 732 eo
454 669 614 746 difficilior,
639 671 721 752 quod
746 668 844 732 labem
868 669 1042 752 concepisse
1065 665 1210 730 videntur
1233 667 1300 750 ipsa

213 785 371 867 sequentia
394 784 459 848 οὕτε
482 782 597 865 λόγους,
622 805 677 867 pro
701 805 761 866 quo
784 783 947 867 Musgravc
963 782 1023 847 οὔτ’
1039 781 1168 862 ἐλέγοις,
1186 780 1298 845 Reiska

211 899 277 964 οὔτε
310 897 423 977 χόρονο,
458 897 596 960 Badham
631 897 696 962 οὔτε
729 897 825 974 λόγων
861 897 1067 961 coniecerunt.
1105 895 1182 959 Mihi
1206 896 1297 960 liceat

212 1011 339 1090 ἐπέρρεον.
369 1009 414 1073 cf.
438 1009 476 1072 ad
504 1012 565 1072 196
583 1031 626 1092 sq.

258 1126 330 1188 509.
366 1122 492 1187 όεόόεν
528 1126 665 1198 τέκνα,
702 1123 721 1186 i.
750 1146 774 1186 e.
810 1122 899 1187 τέκνα
934 1121 989 1185 ὑπό
1017 1123 1083 1186 θεῶν
1107 1122 1298 1198 γεννηθέντα,

212 1238 614 1328 liberioreoompositione,
644 1260 734 1320 quam
768 1239 918 1322 permittit
942 1246 1051 1302 natura
1075 1238 1204 1302 verbalis
1228 1237 1299 1302 sub·

212 1352 337 1415 stantivi
371 1352 475 1416 τέκνον.
510 1390 554 1400 —-
589 1351 652 1428 „nt
684 1351 831 1415 Hercules
862 1362 892 1414 et
921 1350 1058 1415 Theseus
1082 1360 1111 1414 et
1136 1351 1245 1438 Castor
1268 1360 1299 1415 ot

212 1464 341 1541 Pollux,
363 1466 469 1529 multis
486 1463 642 1529 laboribus
660 1466 831 1541 exercitati,
850 1467 957 1528 misere
974 1467 1097 1530 tandem
1114 1465 1299 1550 perierunt.''

176 1644 179 1651 ,
214 1577 351 1642 Binum.

257 1693 283 1777 1)
302 1696 375 1756 510.
399 1691 506 1757 τῶνδ’.
532 1692 665 1756 Hermen
682 1700 737 1756 aut
751 1691 845 1774 τόσδ’,
865 1699 919 1756 aut
935 1693 1076 1764 όυοδόκους
1096 1715 1149 1778 pro
1165 1693 1299 1760 θυοδόκων

212 1806 360 1890 scriptum
384 1815 522 1891 oportere
547 1805 715 1870 contendit.
745 1805 862 1870 Vellem
888 1806 1089 1884 ostendisset,
1115 1807 1191 1890 quid
1208 1809 1248 1872 sit
1265 1809 1297 1873 in

212 1920 343 2004 vulgatis
369 1920 480 1982 vitiosi.

258 2036 330 2097 511.
354 2033 539 2112 φρούρημ’
562 2032 732 2113 ἔχουσαν
754 2061 795 2094 =
812 2040 994 2116 φρουροῦσαν,
1015 2042 1050 2098 ut
1067 2037 1206 2114 φυλακὴν
1218 2036 1298 2116 ἔχειν

213 2146 327 2210 dicitur
350 2169 405 2230 pro
428 2145 611 2227 φυλόσοενν,
636 2147 760 2223 σπουδὴν
779 2148 859 2227 ἔχειν
880 2169 934 2231 pro
955 2148 1097 2220 σπεύδειν,
1119 2148 1202 2225 γόους
1219 2149 1298 2230 ἔχων

212 2282 266 2344 pro
289 2262 431 2338 γοῶσόαν,
458 2260 569 2324 similia
593 2261 699 2325 multa.
727 2275 728 2278 ’

259 2378 332 2439 513.
367 2375 525 2453 ἱστορῶν
559 2373 751 2442 ἀπαιδίαν
786 2375 861 2437 mire
895 2374 1033 2451 dictum,
1069 2373 1123 2439 ubi
1154 2384 1296 2461 expectes

211 2487 325 2565 ἱστορῶν
356 2486 499 2550 παίδων
527 2486 620 2566 πέρι.
655 2485 742 2549 Nihil
766 2494 867 2549 tamen
893 2497 988 2550 muto.
1024 2485 1131 2551 Verto:
1156 2489 1298 2552 scisci·
1335 2536 1336 2539 η

211 2608 295 2662 tans
320 2599 364 2661 de
389 2600 582 2663 orbitate.

257 2719 329 2778 514.
353 2714 436 2779 τόδε
463 2715 534 2778 ferri
559 2715 608 2777 viti
631 2736 718 2797 posse
743 2714 876 2789 videtur,
901 2715 1082 2798 praegressis
1106 2716 1166 2778 iam
1191 2716 1296 2780 τῶνδε

211 2828 302 2905 δόμων
333 2864 377 2877 --
408 2830 579 2907 χρηστήριον
601 2864 645 2877 -·-
669 2829 738 2892 κατ)
765 2825 837 2893 οἶκον
860 2865 905 2876 -
927 2831 956 2894 ἕν
980 2829 1074 2906 δόμοις
1098 2837 1127 2894 et
1150 2839 1297 2915 sequente

210 2942 296 3005 τῶνδε
328 2964 369 3005 vs.
395 2943 466 3004 515.
499 2940 623 3005 Correxi
647 2942 756 3007 πόδα.
796 2942 956 3025 Verslapec
979 2941 1035 3017 IV,
1062 2945 1092 3019 2,
1117 2965 1185 3027 pag.
1212 2947 1295 3021 185,
1337 2953 1339 2958 ⁴

212 3054 322 3117 collato
340 3054 407 3117 loco
425 3053 546 3118 Heraol.
563 3058 625 3117 802
641 3063 671 3118 et
683 3055 811 3118 Porsoni
823 3056 860 3119 ad
874 3054 975 3119 Orest.
994 3058 1074 3121 1427
1087 3056 1296 3121 adnotatione.

255 3169 330 3237 Ποὺς
363 3166 445 3250 apud
477 3168 608 3250 tragicos
641 3167 815 3250 frequenter
846 3167 992 3233 abundat.
1018 3168 1064 3231 Cf.
1091 3171 1165 3235 612.
1201 3169 1296 3234 Initio

212 3304 317 3344 versus
342 3279 440 3343 Cobet
463 3280 594 3343 coniecit
617 3283 644 3344 ἐν
668 3280 763 3353 δόμοις
785 3282 840 3356 ἔτ’,
869 3281 921 3343 sed
946 3282 1139 3365 praetulerim
1164 3280 1296 3347 Iacobsii

211 3396 433 3479 suspicionem,
459 3415 550 3477 quam
575 3393 664 3476 posui
688 3393 719 3455 in
744 3394 886 3476 margine.
1286 3391 1288 3394 ’

245 3690 270 3753 l)
294 3689 334 3738 De
350 3687 475 3738 trochaeis
492 3684 645 3736 tetrametris
663 3683 853 3749 antiquissimae
869 3685 1011 3749 tragoedias
1027 3686 1151 3753 propriis,
1169 3688 1197 3737 in
1212 3690 1296 3740 media

210 3780 327 3845 perraris,
339 3779 366 3828 in
377 3778 514 3828 recentiore
526 3777 585 3826 inde
597 3776 628 3825 ab
641 3775 682 3824 Ol.
694 3773 746 3824 fere
757 3777 789 3825 90
800 3773 1013 3840 frequentissimis
1024 3777 1141 3827 rideatur
1152 3777 1294 3845 Westphal,

212 3870 308 3919 Metrik
330 3885 386 3934 pag.
411 3868 456 3918 147
475 3883 526 3931 sq„
549 3866 594 3930 qui
611 3869 678 3914 recte
694 3864 755 3914 haec
772 3865 857 3914 addit:
878 3865 942 3915 »Die
956 3866 1089 3917 Trochden
1105 3869 1223 3919 lrommen
1239 3870 1295 3919 hier

211 3959 276 4008 auch
293 3959 321 4008 in
338 3959 382 4008 der
400 3957 478 4006 Mitte
495 3956 539 4004 der
556 3953 699 4017 uragodien
716 3969 761 4001 vor
777 3953 831 4002 und
848 3969 914 4002 nwar
930 3955 1048 4005 meistens
1065 3972 1098 4005 an
1115 3957 1217 4006 solohen
1232 3959 1293 4008 Stel·

209 4050 264 4108 len,
288 4064 327 4097 wo
352 4048 393 4097 die
409 4046 511 4095 friiherc
528 4043 653 4107 Tragtdie
669 4043 845 4107 anapttstische
862 4044 973 4108 Systeme
989 4046 1127 4108 gebi-sucht
1143 4047 1227 4107 hasta
1244 4047 1295 4098 fast

209 4139 305 4190 uberall
322 4139 384 4188 litstt
401 4137 456 4186 sich
476 4135 531 4184 eine
547 4133 636 4183 rasche
652 4133 795 4195 Bewegung
812 4133 856 4181 der·
873 4133 1047 4200 Sohauspieler
1064 4137 1111 4185 wie
1127 4137 1223 4187 Flucht
1234 4137 1296 4186 oder

211 4227 368 4292 Vsrfolgung
390 4226 444 4275 und
467 4225 524 4274 dem
541 4221 725 4287 entspreohend
740 4221 783 4270 ein
800 4222 858 4271 sehr
873 4223 1029 4288 aufgeregter
1046 4226 1102 4276 Ton
1119 4227 1162 4276 des
1179 4208 1295 4277 Inhalies

211 4317 394 4368 naohwcisen”.
412 4320 471 4365 cett.
497 4312 536 4363 uf.
556 4314 619 4362 125⁰
632 4327 699 4377 sqq..
718 4313 782 4362 1606
793 4328 849 4378 sqq.
