3112 4914
296 426 342 468 ΧΗ
749 424 931 469 PRAEFATIO.

293 627 413 703 praesto
438 618 511 683 mihi
536 617 595 681 fuit
619 617 732 681 codicis
757 617 903 693 Palatini,
930 639 1028 701 aquo
1046 616 1138 682 huius
1156 617 1277 682 fabulae
1293 621 1380 684 crisis

294 754 394 818 paene,
411 737 477 811 tota
501 732 629 816 pendet,
655 753 734 795 nova
758 731 883 795 collatio
906 753 986 796 anno
1011 732 1166 816 superiore
1189 756 1256 797 meo
1273 745 1382 819 rogatu

293 845 458 930 diligenter
480 845 560 909 lacta
579 867 597 908 a
617 846 680 908 viro
704 844 880 908 doctissimo
902 843 1143 924 Vouaeaarmo,
1165 848 1214 910 cui
1231 848 1382 934 discipulo

293 957 538 1043 quondam'meo,
549 980 633 1022 nunc
645 958 752 1036 amico,
763 958 873 1042 gratias
887 980 944 1041 ago
955 956 1113 1042 habeoque
1128 982 1217 1044 quam
1228 963 1381 1029 maximas.

337 1071 508 1165 Consilium
527 1081 628 1153 meu'm
647 1073 833 1155 quicumque
849 1079 967 1156 spectat
983 1061 1200 1136 introducendi
1218 1074 1274 1137 hoc
1292 1097 1380 1158 opere

221 1245 224 1251 .
293 1173 500 1250 adolescentes
524 1187 555 1250 in
577 1186 714 1249 studium
731 1186 916 1270 tragicorum
935 1189 1112 1270 praesertim
1130 1197 1301 1272 poetarum,
1319 1213 1379 1254 non

292 1299 454 1364 mirabitur
477 1323 523 1364 me
543 1299 810 1365 incommentario
828 1300 937 1364 horum
954 1302 1104 1385 imprimis
1118 1301 1205 1370 locos
1222 1302 1380 1379 attulisse,

293 1414 448 1478 interdum
482 1436 542 1476 non
574 1413 632 1477 alia
665 1413 702 1477 de
735 1434 842 1490 causa,
876 1435 966 1497 quam
1001 1426 1035 1477 ut
1063 1408 1250 1499 probabilem
1276 1438 1379 1481 eorum

293 1549 493 1613 proponerem
525 1526 778 1591 emendationem.
822 1526 926 1611 Ipsius
950 1526 1035 1590 Ionis
1060 1535 1176 1591 textum
1202 1528 1294 1612 longe
1318 1551 1382 1592 sae-

293 1643 362 1726 pius
386 1642 502 1706 tentavi
525 1663 616 1725 quam
640 1641 775 1717 mutavi,
801 1642 832 1704 in
858 1639 1008 1725 ponendis
1032 1640 1175 1704 cancellis
1189 1642 1216 1727 ¹)
1241 1649 1294 1705 aut
1318 1664 1382 1706 ver·

295 1754 379 1819 sibus
410 1755 646 1840 transponendis
662 1754 783 1838 paullo
815 1754 885 1839 plus
917 1753 1067 1818 libertatis
1091 1755 1174 1819 >mihi
1199 1757 1379 1821 concedens.

294 1869 527 1954 Typographica
559 1869 649 1945 vitia,
685 1867 903 1953 quoddoleo,
937 1868 1113 1952 praesertim
1146 1869 1177 1932 in
1209 1862 1290 1933 notis
1323 1892 1381 1933 nu·

232 2032 236 2040 .
296 1981 462 2047 moralibus
482 1982 656 2045 commissa
691 1979 770 2044 libro
805 1981 913 2045 insunt
937 1981 1124 2065 compluria,
1150 2005 1279 2066 quorum
1304 1989 1391 2066 quot'

294 2096 494 2160 animadverti
526 2095 642 2158 correxi
674 2096 706 2158 in
730 2096 842 2180 pagina
866 2094 992 2172 ultima,
1017 2118 1101 2159 meos
1125 2105 1226 2160 autem
1243 2075 1278 2160 'si
1302 2118 1379 2181 quos

293 2209 482 2294 deprehendi
506 2231 622 2272 errores
646 2208 774 2273 candide
797 2210 902 2292 aperui
927 2209 958 2272 in
984 2229 1139 2273 suasurus
1157 2230 1195 2272 ur
1212 2207 1380 2274 conamur·

272 2343 352 2405 ms.
389 2322 570 2388 Universum
602 2345 664 2386 rem
697 2322 926 2399 administravi,
960 2323 1043 2407 quod
1076 2322 1185 2388 Graeci
1208 2324 1313 2405 aiunt,
1343 2326 1380 2395 ὡς

292 2435 452 2514 &vaduam
483 2438 543 2516 οὐχ
573 2439 610 2508 ὥς
641 2435 812 2514 ἐβουλόμην.
856 2436 931 2500 Post
962 2461 1010 2502 me
1040 2437 1091 2502 alii
1122 2438 1278 2523 perficient
1301 2459 1379 2523 quae

291 2550 452 2627 incohavi,
484 2550 667 2634 redarguent
691 2550 715 2613 si
740 2550 815 2634 quid
840 2542 974 2635 deliqui,
1000 2551 1205 2616 emendabunt
1229 2559 1259 2615 et
1283 2551 1379 2636 expli·
1406 2552 1409 2557 ⁴
1445 2634 1450 2644 .

295 2662 424 2742 nabunt,
458 2664 536 2749 quae
567 2664 703 2727 sananda
721 2664 748 2746 2)
778 2664 889 2749 reliqui
913 2673 943 2728 et
968 2665 1204 2756 interpretanda.
1240 2663 1326 2731 Οὕτω
1345 2665 1378 2738 δὴ

290 2776 412 2842 τόδετὸ
436 2777 571 2855 βίβλινον,
599 2779 639 2840 ¹ut
664 2800 731 2840 mea
754 2777 860 2849 faciam
886 2778 976 2842 verba
1002 2776 1156 2857 Platonis,
1182 2777 1223 2844 ὅτι
1247 2779 1378 2859 πάσχειν

291 2893 423 2971 προσήκει
446 2893 543 2971 αὐτῷ,
568 2897 652 2955 τοῦτο
676 2892 819 2958 πείσεται.
1136 2868 1138 2875 ,

823 3027 965 3078 Scribebnm
984 3025 1092 3078 Traiecti
1110 3029 1142 3078 ad
1159 3027 1278 3079 Rhenum
1293 3043 1378 3080 meuse

856 3119 992 3168 Novembri
1011 3136 1032 3169 a.
1051 3132 1245 3177 uoceouxxrv.

293 3188 489 3200 m

326 3284 351 3349 l)
374 3283 424 3332 Est
447 3283 492 3332 ubi
516 3267 650 3332 cancellos*
662 3296 709 3349 pro
734 3279 868 3332 dubitandi
885 3280 972 3348 potius
988 3296 1065 3346 quam
1081 3296 1129 3347 pro
1146 3281 1282 3331 damnandi
1299 3281 1377 3347 signis

286 3378 405 3441 vincoeptos
426 3373 508 3424 velim.
542 3372 576 3423 In
595 3373 720 3440 Euripide
737 3373 819 3432 enirn,
837 3377 911 3440 poeta
927 3372 1033 3422 minime
1049 3371 1175 3439 perlecto,
1185 3358 1237 3422 ¹ubi
1254 3374 1376 3423 sermonis

289 3464 384 3516 iudicia
395 3463 530 3524 deficiunt,
541 3480 635 3530 anceps
647 3469 685 3514 est
697 3480 769 3531 saepe
781 3462 812 3514 de
823 3461 950 3522 versibus,
963 3479 1027 3528 quos
1038 3464 1123 3515 abesae
1132 3463 1231 3521 malles,
1243 3464 1375 3515 iudicium.

323 3557 349 3618 2)
374 3554 434 3616 Quo
455 3554 579 3610 attentius
604 3554 758 3620 Euripidem
779 3555 898 3619 legimus,
925 3571 954 3604 eo
977 3555 1052 3621 plura
1068 3555 1094 3604 in
1113 3556 1166 3604 eius
1183 3559 1257 3605 textu
1273 3556 1376 3605 vulnera

289 3650 418 3711 apparent.
446 3645 489 3694 Ita
506 3661 530 3695 v.
548 3661 569 3695 c.
586 3660 670 3710 neque
687 3645 752 3695 alius
769 3646 903 3711 quisquam
922 3660 1003 3710 neque
1022 3645 1076 3712 ipse
1093 3646 1125 3695 ad
1139 3646 1207 3696 bunc
1218 3661 1299 3710 usque
1310 3646 1376 3696 diem

289 3735 514 3786 animadverteram
531 3752 567 3785 vs.
586 3736 634 3784 946
647 3752 684 3800 sq.
701 3735 730 3785 in
747 3736 884 3802 paedagogi
901 3736 1088 3801 quaestionema

517 3824 571 3892 κᾷτ’
587 3829 708 3896 didicitque
725 3840 772 3888 πῶς
789 3828 922 3888 ’Λπόλλωνος
938 3835 1038 3896 palpem

288 3913 535 3984 passime‘quadrare
552 3918 661 3968 Oreiisae
678 3934 845 3984 responsum:

451 4051 455 4058 .
514 4013 602 4061 ἔτεκον·
619 4015 721 4078 ἀνάσχου
736 4007 804 4063 ταῦτ’
818 4015 875 4075 ἐμοῦ
891 4012 971 4074 κλύων,
990 4018 1062 4080 pipar-

288 4098 372 4148 Varba
395 4115 467 4158 sana;
490 4116 581 4165 quara,
604 4102 631 4150 ni
650 4101 679 4150 O.
696 4117 741 4166 per
757 4103 834 4151 miras
851 4103 967 4166 ambages
984 4101 1159 4167 respondebit,
1178 4103 1310 4155 statuenda
1327 4103 1374 4155 erit

288 4189 377 4238 lacuna
387 4189 454 4239 iuter
465 4195 601 4255 utrumque
612 4207 719 4241 versum.
732 4220 764 4230 -
776 4191 809 4241 V.
825 4194 887 4241 1133
900 4196 1006 4260 ἀτοίχους
1015 4194 1051 4242 ita
1059 4210 1127 4244 nuno
1136 4199 1216 4254 tueor,
1227 4201 1258 4245 ut
1268 4199 1376 4264 τοίχοισιν

290 4280 352 4325 1158
370 4277 491 4344 accipiam
509 4278 649 4345 improprie
666 4279 763 4330 dictum
782 4280 813 4329 de
830 4281 913 4346 spatio
930 4282 1069 4346 parietibus
1086 4282 1219 4332 destinato.
