3112 4914
272 381 333 445 190
685 397 936 442 555555535153.

270 593 349 656 noch
373 591 464 673 iibrig
487 591 542 667 ist,
568 589 635 653 sind
659 590 777 667 solche‚
798 589 847 654 die
867 590 933 654 ihre
952 589 1017 653 Zeit
1037 589 1106 653 dort
1126 590 1183 673 (im
1200 588 1353 674 Convent)

269 705 352 769 bloss
385 703 564 779 absitcen,
597 703 661 767 und
691 703 826 767 keinen
853 703 956 766 edler
978 702 1089 766 Theil
1113 702 1193 765 ihres
1217 701 1352 786 Khrpers

271 818 358 882 dabei
390 816 602 900 anstrengen”
633 817 733 882 Plaut.
765 815 839 882 Cist.
873 816 897 894 Ι,
934 821 960 892 1,
995 820 1054 881 67:
1087 816 1191 892 „unde
1224 824 1269 878 530
1297 815 1354 879 tibi

270 933 488 1006 cordolium,
513 954 713 996 commemora
737 931 883 995 obsecro?
907 932 1003 1015 quod
1024 952 1124 1014 neque
1144 954 1200 1014 ego
1221 931 1353 1009 habeo,

271 1069 370 1129 neque
400 1047 564 1131 quisquam
595 1045 654 1108 alia
679 1045 801 1121 mulier,
828 1052 862 1108 50
886 1045 1047 1128 perhibent
1070 1043 1158 1108 viri.''
1190 1043 1237 1106 Cf.
1263 1044 1352 1107 Herc.

271 1159 343 1223 Ilur.
368 1163 431 1222 555
453 1182 496 1244 sq.
520 1159 545 1221 P
553 1157 678 1221 adoris
703 1180 783 1221 aram
807 1157 901 1221 fuisse
928 1157 1056 1222 Athenis
1077 1138 1201 1220 laudato
1223 1157 1356 1220 Pausan.

271 1272 298 1349 I,
327 1274 365 1335 17
391 1273 509 1336 monuit
533 1273 704 1356 Musgrave.
727 1272 819 1334 Amat
836 1279 938 1334 autem
955 1271 1117 1354 Euripides
1133 1270 1352 1334 abstractarum

272 1387 431 1449 notionum
455 1385 635 1456 ἀποθεώσεις.
666 1385 715 1448 Sic
739 1393 945 1468 paupertas
968 1385 1000 1447 in
1020 1384 1126 1468 fragm.
1147 1385 1210 1447 950
1230 1391 1355 1446 vocatur

273 1499 394 1579 ἐχθίστη
410 1498 486 1571 θεός,
507 1499 737 1562 necessitas
759 1498 870 1563 Alcest.
884 1501 946 1561 969
961 1521 1027 1584 sqq.
1045 1499 1113 1575 dea,
1133 1499 1186 1562 sed
1202 1521 1280 1582 quae
1296 1499 1355 1562 aris

273 1620 374 1676 careat
390 1621 420 1676 et
442 1613 603 1676 simulacro
624 1619 654 1675 et
672 1613 825 1676 sacrificiis
843 1613 876 1676 in
893 1612 1098 1696 pulcherrimo
1115 1613 1250 1688 cantico,
1269 1612 1357 1675 cuius

273 1727 396 1789 initium
429 1723 565 1788 laborare
589 1725 728 1788 videtur:
752 1726 810 1802 ἐγὼ
833 1725 882 1790 aa}
906 1726 969 1790 aa
976 1724 1088 1802 μούσοις
1113 1724 1179 1790 aul
1203 1725 1356 1804 μετοὲρσιος

274 1837 332 1919 ᾖξοι
354 1839 434 1920 κτὲ.,
466 1837 622 1901 ambitio
646 1837 783 1903 Phoen.
810 1842 872 1901 549
900 1836 995 1910 ἄδικος
1020 1842 1036 1913 ἡ
1060 1837 1135 1913 ledi,
1160 1839 1357 1902 contentio

274 1951 387 2015 ibidem
415 1954 477 2016 789
503 1951 558 2015 dea
582 1951 683 2026 audit,
709 1959 740 2016 et
764 1951 985 2035 prudentia
1007 1952 1047 2018 ib.
1067 1954 1128 2016 789
1145 1951 1357 2032 χρησιμωτάτη

275 2067 350 2140 θεῶν,
376 2065 489 2128 suada
512 2074 614 2128 autem
638 2065 673 2129 fr.
702 2067 772 2130 170.
796 2065 843 2128 Of.
862 2066 934 2130 Her.
951 2065 1043 2140 VIII,
1061 2069 1132 2129 111.
1149 2064 1209 2129 (lic.
1228 2066 1266 2128 de
1279 2064 1357 2149 legg.

276 2179 320 2254 II,
356 2182 408 2254 11,
440 2181 492 2241 98.
531 2177 636 2255 „Nam
659 2177 738 2240 illud
762 2178 905 2242 vitiosum
930 2178 1077 2256 Athenis,
1103 2179 1203 2262 quod,
1229 2177 1358 2262 Cylonio

277 2293 388 2356 scelere
420 2292 558 2374 expiato,
591 2291 772 2376 Epimenide
803 2290 892 2354 Crete
924 2291 1072 2355 suadente
1101 2293 1238 2355 iecerunt
1265 2290 1359 2354 Con·

273 2406 456 2470 tumeliae
481 2403 587 2488 (ὕβρει)
612 2405 716 2469 fanum
740 2403 1357 2488 5015550550155(οὶνοιιδείρ).”01.

275 2520 364 2602 Diog.
388 2517 489 2583 Laert.
512 2519 543 2595 I,
572 2521 644 2594 110,
670 2501 759 2582 Ρ5οο.
784 2519 840 2581 lex.
865 2519 897 2580 in
922 2541 949 2581 v.
975 2519 1046 2589 Θεὸς
1070 2521 1087 2592 ἡ
1110 2518 1267 2582 'Anaideia
1300 2516 1359 2580 Sed

275 2633 306 2695 in
340 2631 484 2696 Oreste
516 2635 579 2695 399
613 2632 686 2706 δεινὴ
716 2632 785 2711 etp
814 2634 830 2706 ἡ
855 2631 927 2708 θεὸς,
951 2634 1023 2696 ἀλλ’
1046 2629 1122 2705 ὅμως
1146 2629 1260 2705 Ξοὶσιμος
1286 2629 1358 2693 olim

274 2746 388 2809 correxi
413 2746 486 2819 δεινή
510 2768 555 2821 νε
578 2751 717 2820 νοῦσος,
743 2743 890 2828 probante
912 2745 1081 2809 Dindorfio.
1107 2743 1252 2807 Similiter
1274 2743 1359 2806 vitio·

274 2881 325 2922 sus
350 2860 449 2923 estin
475 2859 592 2921 Helena
617 2882 659 2923 vs.
685 2861 747 2922 560
771 2860 853 2930 θεὸς
878 2859 907 2922 δὲ
930 2860 979 2922 aul
1003 2861 1037 2923 τὸ
1057 2858 1228 2934 γιγνώσκειν
1244 2858 1358 2938 φίλους,

275 2974 326 3036 sed
352 2971 426 3055 quid
450 2971 493 3035 ibi
516 2978 607 3054 poeta
630 2971 766 3048 dederit,
791 2995 852 3035 non
878 2973 1002 3056 reperi0.

319 3089 394 3149 345.
427 3086 561 3167 εἰσορᾷ
592 3085 703 3164 <adca
747 3085 835 3148 Hanc
869 3093 899 3149 et
923 3086 1037 3149 similes
1061 3085 1205 3149 formulas
1229 3085 1359 3169 reperies

273 3199 366 3283 Soph.
393 3197 471 3261 Phil.
497 3199 571 3274 663,
591 3196 629 3261 Ο.
647 3197 683 3261 R.
708 3201 791 3275 375,
813 3200 922 3263 Aesch.
944 3199 1025 3263 Pers.
1045 3202 1119 3277 955,
1137 3200 1247 3284 Agam.
1265 3202 1358 3274 1630,

274 3312 363 3377 Ilum.
395 3315 470 3390 490,
502 3310 601 3374 Orest.
633 3313 709 3388 386,
742 3312 861 3378 Herael.
896 3316 971 3388 969,
995 3313 1113 3376 Ρ5555.
1142 3315 1236 3388 1091,
1263 3315 1358 3386 1594,

274 3425 341 3488 Alc.
360 3428 411 3501 18,
430 3433 499 3488 cett.
524 3424 621 3487 Prout
634 3431 763 3488 metrum
777 3425 894 3500 suadet,
910 3427 1018 3510 tragici
1033 3424 1216 3489 substantivi
1231 3432 1360 3488 utuntur

273 3539 369 3601 forma
393 3537 493 3600 soluta
516 3545 567 3600 aut
591 3544 755 3601 contracta.
788 3537 901 3600 Eadem
926 3539 955 3600 vi
979 3536 1084 3602 crebro
1107 3546 1211 3600 noster
1232 3549 1360 3621 usurpat

203 3628 206 3633 ,
273 3652 383 3728 sicopoic
403 3650 520 3730 φέγγος
540 3649 652 3733 (ἡλίου).
678 3649 723 3715 cf.
748 3650 820 3716 Hec.
838 3653 913 3727 950,
933 3649 985 3715 Or.
1007 3654 1101 3726 1095,
1120 3650 1246 3733 Hippol.
1266 3654 1363 3727 1093,

275 3763 371 3829 Andr.
398 3767 471 3839 113,
495 3763 607 3828 Bacch.
632 3767 706 3840 910,
731 3773 802 3830 cett.

320 3881 393 3941 346.
416 3884 546 3942 τοῦτον
571 3899 624 3960 pro
648 3877 694 3941 9ιο
717 3883 834 3960 τιιῦτοι,
861 3885 896 3941 50
919 3875 932 3941 ὃ
952 3899 1008 3961 pro
1027 3877 1076 3942 hd.
1102 3875 1159 3940 Vel
1176 3877 1207 3939 in
1224 3879 1360 3941 oratione

276 3991 409 4074 pedestri
432 3991 606 4075 frequenter
630 3991 725 4054 Attici
749 3966 969 4056 dicunt-rchr'
990 3990 1049 4064 ἄρον
1072 3998 1102 4054 50
1125 3991 1214 4054 τοῦτ’
1237 3989 1293 4055 οὖν.

320 4107 394 4169 348.
425 4103 595 4186 ἐλπίζει,
628 4104 647 4169 i.
672 4126 696 4168 e.
729 4105 851 4186 νομίζει,
886 4128 910 4168 s.
939 4105 1099 4187 προσδοκᾷ,
1127 4105 1254 4187 antiquo
1278 4126 1361 4168 voca·

274 4216 340 4280 buli
370 4239 437 4282 usu.
469 4217 594 4282 Hesiod.
627 4216 686 4300 Op.
712 4219 793 4282 2712
816 4218 900 4281 οέλλοὶ
923 4217 964 4282 τοὶ
986 4221 1018 4294 ν’
1044 4218 1121 4283 οὕτω
1146 4218 1241 4282 ictuc
1263 4224 1361 4280 τελεῖν

275 4332 336 4396 Διόι
358 4331 572 4411 τερπικέραυνον
590 4332 695 4416 [Hom.
719 4331 758 4396 Il.
778 4330 815 4408 Ο,
834 4334 908 4412 110,
925 4331 984 4395 Od.
1002 4331 1030 4412 ζ,
1049 4333 1144 4416 9971,
1163 4332 1235 4398 Eur.
1253 4330 1360 4417 Suppl.
