3112 4914
629 427 881 474 commaneamus,
1236 415 1298 478 179

212 620 371 702 putarit
394 619 578 683 invidiae
601 618 762 684 obviam
788 621 882 686 iisse.
916 621 996 685 Mihi
1019 623 1148 687 venitin
1167 633 1298 690 mentem

211 736 304 798 λαθὼν
327 734 373 818 δὲ,
395 734 490 815 κινιρὸν
512 733 588 798 τοῖνδ’
613 734 739 813 ἀμείνον’
763 737 787 800 εἷ
810 734 917 819 λάβνι,
943 736 994 800 sed
1018 737 1051 801 in
1067 744 1154 801 tanta
1170 761 1298 826 corrup-

212 848 273 911 tela
296 848 398 911 omnia
421 849 538 912 incerta
560 856 642 913 sunt.

258 963 332 1026 82⁷.
364 960 519 1042 ἀνέφερ’
551 963 606 1033 εἷς
636 962 699 1026 τὸν
731 961 912 1038 dalocum,
956 963 1037 1026 Deo
1067 963 1297 1043 dedicavit,

213 1075 432 1158 interpretatur
463 1075 645 1159 Mnsgrave,
671 1074 724 1138 sed
747 1075 903 1156 ἀνννφέρειν
926 1099 1078 1162 nusquam
1103 1099 1138 1140 ea
1162 1079 1190 1140 vi
1214 1100 1300 1142 usur·

213 1196 317 1272 patum
341 1189 477 1273 repperi;
501 1197 607 1252 contra
628 1189 783 1271 ἀναφέρειν
806 1192 862 1272 (τι)
884 1187 924 1262 εἵς
944 1215 1010 1254 τιννι
1030 1200 1076 1254 est
1097 1192 1142 1255 ad
1167 1199 1299 1256 aucto

212 1326 289 1367 rem
314 1304 490 1387 aliquem
516 1302 677 1386 aliquid
700 1303 873 1379 referre,
898 1304 1028 1368 alicui
1053 1305 1222 1369 alieuius
1246 1300 1323 1369 rei'

212 1418 372 1501 culpam
404 1416 599 1481 tribuere.
640 1416 672 1479 Si
702 1417 870 1502 deprensus
893 1417 988 1500 foret,
1014 1417 1138 1481 Xuthus
1162 1419 1300 1483 dicturus

213 1539 294 1606 erat,
320 1530 474 1615 Apollinis
499 1552 646 1614 responso
670 1553 701 1594 se
726 1531 835 1594 falsum
859 1531 962 1596 fuisse.
987 1530 1083 1608 Nam,
1104 1540 1139 1595 ut
1155 1539 1202 1596 est
1217 1533 1299 1617 apud

214 1647 397 1722 Pacuvium,
436 1647 547 1711 flexa
582 1654 794 1711 autumare
830 1647 965 1712 dictio
1001 1648 1133 1712 Delfis
1170 1647 1298 1713 solebat.

214 1759 394 1824 Notandum
418 1768 519 1823 autem
543 1758 760 1843 Imperfectum
784 1762 995 1842 ἀνέφερεν,
1021 1760 1138 1825 dietum
1162 1769 1199 1825 ut
1218 1761 1300 1825 vide·

214 1880 266 1937 tur
288 1896 345 1959 pro
368 1874 542 1938 ἀνοίσειν
564 1871 743 1951 ἔμελλεν.
779 1873 949 1938 Dubitandi
972 1897 1063 1938 cansa
1086 1896 1148 1938 non
1173 1875 1266 1939 deest.

260 1987 324 2050 830
341 2009 386 2071 sq.
415 1994 451 2050 ut
474 1987 593 2070 spurios
617 1987 737 2050 notavit
760 1986 909 2064 Dindorf,
935 2010 991 2051 nee
1014 2009 1076 2071 quo
1100 1996 1190 2073 pacto
1213 1996 1301 2052 tuear

214 2101 339 2185 reperio.
379 2099 550 2185 Compositi
574 2101 681 2185 procul
706 2099 801 2164 dubio
829 2101 867 2165 ad
891 2101 1062 2185 exemplum
1082 2125 1139 2166 uss.
1159 2105 1220 2167 661
1236 2124 1300 2186 sqq.

189 2213 389 2278 'falsissima
419 2226 466 2278 est
497 2213 667 2278 Hermanni
700 2215 877 2279 coniectura
903 2214 1081 2279 scribentis:
1106 2225 1181 2292 γῆς,
1205 2215 1301 2280 κνινόν

214 2354 248 2394 τε
278 2365 323 2377 -
349 2328 434 2406 Ἴων’,
459 2329 484 2392 si
508 2328 632 2411 quidem
656 2329 716 2392 iam
741 2348 824 2392 nunc
848 2328 974 2393 Xuthus
1000 2330 1059 2393 hoc
1081 2352 1190 2393 nomen
1216 2329 1302 2392 dedit

215 2443 277 2506 filio
301 2464 405 2506 reeens
429 2451 564 2526 reperto,
583 2448 618 2506 ut
633 2450 748 2506 taceam
765 2442 1130 2523 reprebabuntur
1150 2443 1300 2508 Graecum

216 2581 276 2622 non
295 2580 368 2622 esse.
391 2557 505 2622 Melius
522 2557 659 2621 Badham
677 2557 714 2621 ei.
728 2564 828 2622 κνιννῖ.
852 2556 1026 2622 Obscurum
1039 2566 1140 2622 autem
1154 2559 1228 2643 quid
1242 2557 1302 2621 sibi

216 2672 289 2735 velit
311 2673 370 2736 ἀνά
393 2671 503 2751 χρόνον,
523 2670 606 2754 quod
630 2693 693 2755 per
716 2671 830 2734 otium
847 2671 913 2734 sine
929 2671 994 2734 ullo
1011 2672 1196 2735 documento
1212 2672 1302 2735 inter·

216 2794 384 2871 pretiantur.
405 2824 445 2834 -
468 2782 610 2848 Ceterum
636 2783 726 2848 huius
750 2784 834 2848 modi
855 2785 1081 2868 paronomasiae
1098 2784 1251 2848 veteribus
1268 2807 1302 2847 ac

216 2900 391 2984 praesertim
426 2898 569 2983 Euripidi
598 2907 670 2962 sunt
701 2899 733 2961 in
757 2898 885 2962 deliciis.
923 2897 968 2963 cf.
992 2900 1098 2984 fragm.
1123 2901 1196 2963 521.
1231 2908 1302 2963 Με-

216 3014 380 3093 λέιννρε,
411 3012 559 3092 μελέινν
591 3011 650 3094 νάρ
677 3013 743 3078 rcr'
767 3013 900 3094 ἀγρεύειν
924 3011 1067 3093 ἀνρινν,
1093 3013 1202 3076 Helen.
1228 3015 1247 3074 9
1273 3019 1303 3075 et

220 3131 258 3191 la
280 3151 326 3213 sq.
350 3127 420 3212 Iph.
447 3126 481 3192 Τ.
506 3130 566 3203 32,
592 3126 707 3191 Phoen.
734 3128 797 3190 636
815 3150 881 3211 sq,
904 3135 974 3192 cett.
1006 3126 1138 3191 Praeivit
1161 3124 1303 3189 omnibus

217 3243 308 3305 utin
332 3241 486 3326 plerisque
511 3241 674 3304 Homerus.
706 3237 753 3303 Of.
779 3237 837 3304 Od.
860 3265 897 3315 r,
922 3243 985 3304 407
1003 3261 1069 3325 sqq.

262 3357 337 3420 837.
362 3352 483 3434 ἀμήτορ’
504 3360 629 3417 matre
650 3352 834 3436 ignobili
853 3361 983 3418 natus.
1007 3352 1053 3418 Of.
1070 3355 1303 3437 supra109.—

216 3469 494 3549 ἀναρίθμητον.
533 3467 602 3531 Hel.
635 3469 721 3530 1695
752 3472 807 3531 τῶν
840 3467 864 3530 δ’
887 3467 1159 3544 ἀνάριθμάτων
1186 3466 1304 3542 uuanda

217 3584 285 3647 εἰσιν
308 3583 331 3646 cl
356 3584 444 3646 πόνοι.
472 3581 562 3645 Hom.
586 3578 649 3644 οὔτ’
672 3581 701 3643 ἐν
719 3579 799 3659 λόγῳ
821 3579 882 3644 οὔτ’
901 3581 929 3643 ἐν
948 3580 1066 3659 ἀριθμῷ.
1091 3577 1217 3663 Saepius
1234 3599 1303 3641 vero

217 3698 382 3762 nullius
414 3696 542 3781 pretii
575 3695 758 3758 homines
790 3694 921 3757 audiunt
952 3693 1081 3774 ἀριθμοί,
1114 3692 1227 3776 quippe
1250 3691 1305 3774 qui
1408 3723 1410 3726 ·

218 3810 402 3898 corporibus
435 3809 498 3896 suis
526 3808 741 3872 tantummodo
763 3808 938 3872 mortalium
964 3829 1124 3871 numerum
1147 3805 1304 3888 impleant.

219 3927 267 3992 cf.
292 3925 414 3990 Herael.
440 3927 515 4000 997,
540 3922 650 3989 Troad.
675 3925 759 4001 479,
783 3924 836 3986 Ar.
861 3921 945 3986 Nub.
973 3924 1075 3998 1204,
1100 3919 1193 4004 Soph.
1214 3917 1251 3982 Ο.
1271 3916 1305 3982 O.

219 4043 292 4104 382.
318 4037 466 4102 Horatius
490 4035 606 4120 Epist:
631 4056 701 4099 nos
724 4035 881 4099 numeri
905 4056 1040 4098 sumus
1065 4034 1205 4117 fruges
1229 4052 1306 4094 con·

219 4174 376 4216 sumere
400 4172 420 4213 n
430 4149 496 4213 ati.
516 4185 561 4196 —
580 4147 633 4212 Vs.
649 4169 712 4231 seq.
728 4149 792 4211 sine
804 4169 894 4210 causa
904 4154 1001 4211 tentat
1015 4145 1175 4210 Wecklein
1188 4168 1218 4229 p.
1231 4146 1306 4207 400.

264 4269 338 4331 839.
370 4264 521 4328 ἀπλοῦν
552 4299 596 4312 —-
626 4261 763 4337 κινκόν,
795 4261 940 4324 malum
973 4269 1083 4325 tamen.
1122 4258 1201 4322 Vide
1226 4258 1306 4321 enim

224 4379 406 4445 sententium
430 4374 625 4459 Euripideum
647 4376 680 4438 in
700 4373 932 4458 Melanippa
947 4374 1088 4437 vincta
1106 4372 1212 4456 fragm.
1233 4372 1308 4474 494.

1139 4489 1194 4539 12*
1254 4534 1256 4539 ,
