3112 4914
523 445 525 447 ,
599 407 851 452 consecramus,
1205 382 1268 450 105

183 603 293 688 pendet
318 627 336 666 a
358 602 499 685 τρόφιμα.
523 602 653 667 Sensus:
679 601 850 666 Palladis
874 601 909 666 in
935 601 1025 665 urbe
1042 608 1099 664 est
1115 600 1268 679 domus,

183 742 277 804 quae
302 718 487 781 dominam
511 740 627 780 meam
652 717 838 780 educavit.

230 835 304 897 338.
329 818 497 909 γενναιότης
521 856 563 896 σοι
587 836 643 915 (sc.
668 832 759 914 ἐστιν)
784 832 841 896 etsi
865 831 1002 914 intellegi
1027 837 1142 914 potest,
1169 837 1269 894 temen

183 949 225 1011 ita
255 946 443 1030 ineleganter
473 946 589 1010 dictum
622 947 683 1030 est,
716 954 751 1010 ut
786 969 881 1031 paene
911 969 1010 1010 veram
1043 967 1107 1009 esse
1134 943 1272 1028 suspicer

184 1059 298 1124 Dobrei
322 1061 526 1124 coniecturam
550 1068 680 1138 γενναῖος
704 1056 733 1125 ei
748 1086 802 1133 τις.
829 1061 933 1124 Minus
955 1060 1086 1137 arridet,
1103 1059 1186 1144 quod
1204 1081 1271 1143 pro-
1357 1042 1360 1047 ι

184 1175 287 1257 posuit
311 1174 499 1237 Boissonade
523 1174 725 1252 γενναιότητος
749 1176 799 1240 καὶ
824 1175 948 1252 τρέπων,
973 1196 1159 1259 quamquam
1180 1173 1269 1236 etita
1370 1172 1374 1180 “

184 1288 283 1351 dicere
312 1297 402 1372 poeta
436 1289 546 1372 potuit.
590 1288 627 1352 In
663 1290 779 1353 incerta
810 1312 843 1353 re
867 1287 1149 1372 reliqui'librorum
1174 1287 1272 1370 scrip-

185 1409 300 1479 turam,
325 1403 356 1465 in
380 1403 468 1466 cuius
492 1403 640 1466 auxilium
662 1405 711 1466 vix
727 1403 798 1467 licet
816 1426 920 1468 vocare
937 1403 1052 1469 Phoen.
1069 1404 1174 1467 168οι
1191 1423 1271 1477 γεν-

185 1517 330 1592 ναιότης
353 1539 424 1591 σοι,
448 1518 544 1596 μωριά
567 1517 699 1582 δ’ἔνεστέ
719 1540 775 1590 τις.

232 1633 307 1694 340.
339 1631 390 1715 έα,
423 1632 506 1715 quod
538 1639 584 1696 est-
616 1633 786 1715 stupentis‚
818 1638 902 1697 extra
932 1638 1084 1706 metrum,
1116 1636 1153 1692 ut
1183 1649 1272 1711 saepe

187 1744 420 1811 interiectiones.
456 1745 503 1809 of.
529 1749 609 1821 374,
638 1749 720 1822 339,
749 1748 821 1810 743.
857 1745 933 1809 Eam
957 1744 1121 1808 Kirchhoff
1141 1743 1272 1806 inserere

188 1859 286 1923 voluit
320 1869 390 1923 ante
423 1883 465 1925 vs.
499 1864 580 1935 403,
608 1861 672 1923 sine
697 1861 894 1938 necessitate,
920 1869 955 1923 ut
978 1859 1117 1923 arbitror.
1154 1856 1273 1921 Iniuria

187 1972 224 2034 ad
257 1973 287 2036 h.
312 1973 333 2036 1.
367 1974 443 2052 mihi
475 1975 657 2038 contendere
690 1974 811 2039 videtur
834 1974 973 2039 Badbam
997 1972 1032 2037 έα
1055 1980 1085 2036 et
1107 1972 1164 2036 1δού
1190 1979 1272 2035 extra

188 2095 316 2151 metrum
343 2089 416 2171 poni
441 2111 502 2152 non
527 2089 632 2168 licere,
657 2089 710 2152 sed
734 2088 921 2173 ubicumque
945 2091 989 2153 ita
1012 2088 1112 2172 posita
1132 2087 1273 2170 legantur

188 2210 241 2264 aut
266 2201 395 2266 delendo
418 2225 481 2266 esse
506 2210 560 2266 aut
584 2226 718 2281 versum,
744 2213 928 2289 antequem
953 2211 1116 2287 ponantur,
1142 2201 1184 2264 ita
1208 2222 1273 2263 esse

188 2309 416 2397 retingendum,
448 2323 483 2378 ut
515 2316 581 2378 eius
609 2322 725 2399 partem
750 2315 890 2380 efficiant.
927 2314 987 2378 Oui
1010 2314 1074 2377 viro
1099 2313 1189 2376 docto
1213 2310 1273 2374 loci

188 2427 318 2490 nimium
341 2429 432 2492 multi
456 2429 657 2514 refragantur.

235 2543 308 2605 341.
344 2541 431 2620 ὄμμα
463 2547 733 2626 συγκλῄσασα
768 2544 826 2608 σδν.
871 2545 913 2606 At
944 2543 1049 2606 oculos
1081 2564 1143 2605 non
1175 2541 1275 2604 solent

189 2654 329 2719 claudere
354 2656 492 2721 dolentes
516 2665 547 2721 et
570 2658 772 2721 lacrimantes.
805 2655 876 2736 Qua
898 2658 930 2720 in
954 2679 985 2721 re
1011 2663 1177 2740 usurpetur
1201 2654 1275 2717 haec

189 2769 325 2847 locutio,
355 2771 476 2836 docebit
499 2794 527 2836 v.
552 2795 576 2837 c.
601 2772 746 2836 Hecubae
771 2794 814 2835 vs.
840 2774 915 2835 430.
950 2770 1007 2836 lest
1030 2771 1111 2834 enim
1134 2769 1167 2833 id
1191 2768 1274 2853 quod

191 2884 342 2949 Homerus
366 2886 466 2951 dicere
490 2887 568 2951 solet
590 2889 657 2952 ὄσσε
679 2888 832 2967 καθαιρεῖν.
872 2885 934 2950 Hic
957 2908 1061 2950 verum
1086 2907 1151 2948 esse
1174 2884 1275 2968 suspi-

191 3022 255 3077 cor,
288 3001 368 3083 quod
401 3002 433 3064 in
464 3002 600 3085 margine
624 3002 729 3085 posui,
754 2999 998 3076 σνντήξασα.
1031 2999 1078 3063 Gt.
1106 2998 1188 3063 Med.
1214 3000 1274 3074 35,

193 3116 275 3191 698,
308 3113 408 3179 Orest.
440 3118 521 3190 134,
556 3118 637 3194 383,
672 3117 751 3192 538,
786 3114 853 3179 Hel.
881 3116 982 3194 1435,
1007 3113 1090 3178 Plut.
1115 3112 1207 3197 Agin.
1234 3114 1274 3175 18

191 3227 321 3305 βλέμμα
344 3228 546 3308 διεφθαρμένον
570 3230 619 3293 καὶ
643 3227 863 3302 συντετηκὸς
884 3227 939 3293 ὑπὸ
955 3227 1066 3304 λύσαις,
1084 3228 1125 3292 id.
1139 3225 1202 3290 Cic.
1221 3229 1275 3302 43,

192 3343 265 3404 Ant.
292 3346 342 3406 83,
378 3342 468 3405 Alius
492 3351 537 3407 est
561 3342 651 3426 apud*
667 3350 807 3406 nostrum
831 3342 936 3419 locus,
967 3342 1021 3405 ubi
1044 3342 1125 3406 idem
1149 3339 1274 3404 verbum

192 3459 392 3538 συγκλῄειν
426 3455 619 3520 librariorum
655 3457 749 3520 errori
780 3455 885 3520 deberi
913 3457 988 3520 mihi
1012 3455 1144 3532 videtur,
1168 3477 1277 3539 nempe

193 3568 311 3635 Hecub.
336 3573 400 3632 486
423 3592 467 3653 sq.
493 3568 567 3645 adra
592 3570 688 3644 σέλας
711 3594 760 3635 σον
784 3570 849 3636 νῶτ’
872 3570 972 3650 ἔχοιμ’
996 3570 1044 3635 ἐνιδ
1067 3569 1147 3649 χθονὶ
1156 3618 1165 3651 ,
1191 3578 1277 3632 Ταλ-

192 3684 288 3761 θύβιε,
314 3691 426 3760 κεῖται,
450 3684 747 3767 ξνγκεκλρμένη
772 3685 904 3757 πέπλοις.
936 3684 1279 3769 Ιιωςθξνγκεκρνμ-

193 3797 286 3874 μένιρ
318 3808 348 3862 et
379 3821 519 3882 compara
552 3800 591 3863 H.
620 3798 654 3862 F.
689 3802 786 3875 1198,
816 3798 926 3863 Troad.
954 3802 1028 3876 633,
1053 3798 1146 3882 Hipp.
1174 3799 1277 3872 1458,

194 3911 266 3977 Her.
291 3915 373 3989 561,
399 3915 480 3989 604,
508 3915 579 3977 731.
617 3911 695 3977 Vide
726 3915 906 3997 Verslcpca,
931 3911 987 3989 IV,
1013 3915 1031 3973 3
1056 3935 1086 3996 p.
1115 3914 1187 3975 183.

239 4028 314 4088 343.
339 4026 504 4105 δακρύοις
528 4025 550 4089 d’
568 4025 751 4105 ὑγρανασ’.
778 4025 847 4088 Hel.
869 4026 932 4089 073
952 4025 1104 4104 βλέφαρον
1123 4025 1278 4104 ὑγραίνω
1395 4041 1397 4046 ·

194 4139 339 4218 δακρνσιν.
372 4139 454 4202 Med.
488 4142 551 4201 933
581 4137 612 4202 τί
632 4146 755 4219 χλωροῖς
779 4138 907 4219 δακρύοις
930 4140 1078 4214 τέγγεις
1102 4137 1195 4218 κέρας.
1231 4137 1278 4200 Of.

196 4252 266 4315 Hel.
294 4255 370 4328 456,
399 4256 494 4329 1189,
520 4252 567 4315 El.
594 4255 668 4330 503,
696 4256 792 4330 1339,
818 4253 883 4316 Alc.
909 4254 983 4327 767,
1003 4252 1097 4337 Hipp.
1116 4255 1190 4331 854,
1207 4251 1278 4314 Hec.
1341 4305 1343 4309 .

197 4370 277 4444 530,
303 4365 412 4451 Suppl.
438 4370 513 4431 979.
540 4405 579 4414 -
606 4367 786 4447 παρηίδα.
826 4366 949 4431 Praeter
972 4366 1049 4430 hanc
1072 4366 1199 4429 formam
1222 4374 1281 4428 tra-
