3112 4914
238 371 304 438 250
654 395 909 444 oonnnnrsnrus.

237 584 333 650 forma
356 583 544 677 προσηκάμην
567 587 637 672 (pro
660 609 722 672 qua
742 587 905 675 Euripides
922 591 1092 676 scripturus
1108 591 1217 656 fuisset
1238 616 1331 673 προσ·
1354 587 1356 589 ’

236 699 333 781 είμην)
364 700 514 765 substitui
544 701 616 766 olim
649 701 802 780 ἐδεξάμην.
836 702 884 769 Of.
908 703 1002 789 Soph.
1032 703 1080 770 El.
1104 708 1180 783 668,
1207 705 1329 772 Herod.

117 830 119 835 ·
240 812 318 878 VIII
350 817 422 879 114.
463 815 622 880 Aoristum
658 817 690 881 iu
726 817 834 883 multis
868 818 967 884 verbis
1003 818 1146 884 similiter
1181 820 1329 905 usurpari

236 935 344 992 notum
376 936 440 1005 est,
471 929 557 994 velut
586 929 717 1012 ἐχάρην,
745 928 848 1008 ἥσθην.
873 935 1019 1016 ἐπῄνεσα,
1044 932 1104 998 alia
1127 933 1234 1000 multa.
1277 933 1329 1000 Ita

236 1064 307 1106 mox
330 1042 419 1124 ᾔνεσα
442 1066 484 1109 νε.
513 1046 607 1109 1611.

285 1154 379 1219 1607.
409 1155 607 1230 πείθομαι.
644 1155 773 1220 Duobus
808 1156 885 1220 locis
920 1156 1082 1241 Euripides
1115 1157 1207 1222 huius
1238 1155 1326 1221 uerbi

236 1268 308 1332 Aor.
331 1266 366 1332 Π
396 1268 474 1333 med.
505 1268 694 1346 ε’πνάάμην
726 1292 799 1334 usus
831 1277 877 1334 est
909 1292 963 1354 pro
987 1269 1114 1334 Passivo
1136 1271 1325 1345 ε’πείσάην
1412 1339 1415 1344 ,

235 1379 343 1466 Suppl.
370 1385 432 1460 858
450 1404 514 1466 sq,
540 1381 588 1447 Ill.
614 1384 690 1449 981.

283 1497 377 1560 1608.
407 1495 457 1561 καὶ
491 1496 556 1574 πρὶν
586 1503 671 1562 ποῦσα
702 1498 726 1561 1·
748 1499 800 1563 οὐκ
828 1495 953 1563 άπνσπσν
976 1494 1019 1574 ἦν.
1054 1497 1156 1562 Verba
1183 1497 1328 1566 absurda.

236 1606 356 1673 Dobree
387 1611 564 1695 proposuit:
600 1612 643 1677 κεί
676 1612 740 1692 πρὶν
770 1594 851 1677 τοῦτ’
884 1610 1008 1677 άπνσσσν
1039 1608 1071 1687 ἦν
1104 1613 1202 1686 ἐμοί.
1246 1612 1328 1679 Mihi

236 1720 373 1785 venitin
397 1732 529 1788 mentem
554 1732 654 1787 totum
680 1745 722 1788 νε.
746 1724 790 1788 sic
813 1724 1027 1809 corrigendum
1046 1747 1126 1790 esse:
1152 1723 1257 1801 Λοξίαν
1273 1725 1325 1790 καὶ

234 1835 322 1909 τῆσδε
345 1837 497 1922 (μητρὸς),
523 1837 565 1902 κεί
589 1836 653 1918 πρὶν
676 1839 726 1902 οὐκ
748 1836 883 1902 εὔπνσπσν
906 1831 956 1911 ἦν.
985 1846 1020 1901 ut
1036 1845 1199 1922 postquam
1215 1835 1326 1916 μητρός

235 1949 397 2028 exciderit,
423 1951 606 2036 scripturam
631 1950 848 2036 interpolatam
870 1951 1030 2015 credamus
1052 1973 1071 2014 a
1091 1952 1234 2016 metricis.
1265 1950 1325 2017 Sed

112 2062 114 2068 ’
234 2065 363 2130 fortasse
399 2067 509 2132 melius
544 2077 611 2132 toto
648 2091 690 2134 νε.
721 2067 839 2146 deleto,
872 2067 904 2132 in
936 2067 996 2131 fine
1027 2067 1236 2153 praecedentis
1268 2089 1325 2152 pro

234 2181 346 2259 πατρός
379 2182 531 2247 scribetur
560 2181 650 2260 πάδες
678 2181 768 2265 quale
801 2202 968 2266 pronomen
993 2181 1153 2265 pulchram
1177 2181 1322 2248 afferebat

165 2302 173 2316 ’
238 2293 368 2358 falsariis
391 2317 447 2358 sua
470 2295 621 2360 inferendi
646 2296 845 2360 occasionem.
869 2293 949 2360 Vide
972 2317 1050 2380 quae
1066 2294 1221 2380 disputavi
1244 2297 1323 2364 Vor-

237 2411 341 2491 aloqcn
364 2407 421 2486 IV,
447 2413 477 2486 2,
503 2432 531 2493 p.
560 2411 628 2475 179.

283 2524 377 2586 1610.
409 2521 504 2587 Lenis
536 2523 660 2587 Heathii
695 2523 827 2588 mutatio
857 2524 994 2600 ἠμέλησεν
1025 2545 1081 2608 pro
1108 2525 1237 2601 ἠμέλησε
1261 2546 1324 2592 non

234 2635 353 2700 videtur
384 2636 532 2702 sufficere.
568 2633 651 2700 Nam
679 2637 762 2721 quod
787 2635 903 2702 Oreiisa
926 2637 1119 2703 commiserat
1144 2636 1229 2722 peius
1254 2647 1321 2701 erat

121 2794 124 2799 ν
233 2771 326 2835 quam
347 2751 492 2827 άμέλενα,
520 2773 576 2814 nec
600 2750 644 2815 sic
667 2750 824 2835 scripsisse
848 2758 969 2835 poetam
992 2750 1096 2835 arguit
1119 2772 1160 2816 νε.
1185 2772 1247 2834 seq.
1270 2753 1323 2816 oda

232 2863 351 2928 αἰνοῦσα
374 2864 406 2946 (1.
430 2886 455 2929 e.
478 2865 630 2950 ψένσνσα)
653 2864 727 2945 πρίν.
756 2865 841 2930 stuc.
869 2865 942 2931 On't.
966 2870 998 2928 ic
1012 2871 1092 2950 poet.
1114 2888 1156 2930 ac.
1182 2865 1239 2930 Gr.
1256 2887 1324 2950 pro·

232 2978 322 3062 posui
345 2975 465 3043 σῧνεκ’
488 2977 616 3043 οὔποτ’
640 2977 769 3054 ἠμέλησε
793 2975 896 3042 παῖδ’
916 2975 953 3042 ὃν
968 2977 1124 3045 einoldus}
1138 3001 1186 3056 μον
1203 2977 1322 3044 dictum

233 3114 285 3177 per
307 3092 519 3157 attractionem
539 3114 594 3177 pro
610 3088 957 3174 πανδὸς,1νάποδν6ωσν,
977 3090 1040 3174 (cll.
1052 3090 1161 3158 Troad.
1179 3095 1251 3169 138,
1265 3095 1320 3160 Ar.
1358 3078 1361 3083 ’

232 3203 358 3290 Lysistr.
380 3208 456 3281 408,
475 3205 633 3271 Demosth.
650 3203 764 3269 XVIII
779 3207 797 3290 q
815 3209 868 3289 16)
885 3205 947 3270 vel:
972 3203 1060 3272 οὕνεκ’
1075 3205 1176 3272 οὔποτ’
1194 3208 1323 3284 ἠμέλησε

231 3319 332 3390 παιδὸς
354 3319 513 3385 άπσδίδασά
534 3344 585 3397 πε,
608 3327 643 3383 ut
658 3343 707 3394 μα
724 3320 764 3383 sit
779 3319 967 3404 glossatoris.
990 3317 1125 3404 Vulgata
1141 3342 1197 3385 cur
1213 3320 1323 3386 vitiosa

231 3433 289 3509 sit,
315 3432 379 3497 illic
402 3432 617 3497 demonstravi.
653 3432 699 3498 Of.
723 3442 796 3506 nota
820 3433 932 3518 scripta
954 3433 988 3497 in
1011 3433 1093 3498 calce
1116 3457 1184 3519 pag.
1211 3438 1285 3500 181.

281 3549 374 3610 1611.
404 3546 557 3623 rainaci,
590 3546 608 3611 i.
632 3569 657 3609 e.
689 3546 875 3627 εὐπρόσωπον.
912 3546 957 3612 cf.
990 3544 1090 3613 Orest.
1109 3550 1197 3627 018,
1225 3547 1321 3634 Soph.

107 3723 109 3730 ,
231 3663 305 3725 Ant.
329 3663 391 3724 530
416 3662 547 3724 εὐῶπα
571 3659 711 3741 παρειάν.
736 3659 845 3726 Trach.
871 3664 933 3725 523
958 3662 980 3725 ά
1006 3663 1032 3725 δ’
1056 3665 1203 3735 εὐῶπνς
1228 3661 1321 3743 άβρά.

231 3776 263 3839 81
286 3797 389 3840 versus
412 3797 505 3840 sanus
528 3783 593 3851 est,
619 3775 647 3839 h.
664 3774 684 3840 l.
700 3766 870 3860 opponitur
885 3776 1024 3861 sequenti
1041 3776 1201 3854 δυσμενῆ
1217 3776 1322 3861 itaque

231 3899 398 3975 usurpatur
422 3912 478 3975 pro
500 3889 685 3966 faustus,
712 3897 874 3974 gratus,
902 3898 936 3953 ut
960 3897 1007 3955 est
1022 3890 1105 3974 apud
1122 3888 1215 3974 Soph.
1232 3888 1322 3956 0.·It

231 4010 296 4071 198
320 4008 451 4073 εὐῶπα
473 4004 593 4084 πέμψον
611 4004 719 4071 άλκάν.
745 4003 849 4085 Quare
866 4004 994 4069 fortasse
1007 4027 1068 4068 non
1081 4026 1205 4090 prorsus
1217 4026 1323 4068 neces·

231 4121 308 4184 saria
339 4127 386 4184 est
414 4118 585 4183 Kirchhoffi
608 4118 785 4183 coniectura
807 4118 924 4200 χαίρετ’
948 4140 1002 4204 pro
1026 4116 1102 4185 α16ε.
1138 4117 1196 4182 Ilst
1218 4127 1320 4183 tamen

215 4232 303 4297 ⁴satis
327 4231 503 4317 probabilis.
527 4230 573 4296 cf.
597 4230 697 4296 Plaut.
723 4231 817 4309 Merc.
842 4235 906 4296 830
928 4233 1038 4298 limen
1060 4254 1314 4318 superumque

231 4347 460 4432 inferumque
485 4345 608 4431 salve,
632 4346 745 4412 simul
769 4355 891 4412 autem
918 4347 1005 4414 vale.
