3112 4914
309 371 372 432 198
727 387 979 430 concurramus.

352 585 426 645 968.
460 581 623 645 Librorum
662 583 841 666 scripturam
876 581 1014 664 quamvis
1038 581 1232 664 depravatam
1258 581 1388 664 reliqui,

306 699 377 780 quia
409 697 446 759 de
478 696 689 759 emendatione
721 719 782 758 non
814 697 887 758 satis
920 704 1049 759 constat.
1080 696 1215 758 Badham
1241 698 1389 760 coniecit:

305 814 337 877 σὲ
361 811 410 875 καί
435 812 551 890 πνίτραν
575 812 626 884 ola
650 810 861 890 δυστυχοῦσαν,
886 833 942 893 ego
963 810 1036 873 olim
1052 807 1124 876 οἶκον
1140 813 1271 891 πατρῷον
1287 812 1389 876 borro-

304 927 419 1006 χοῦντοί
442 929 473 1003 γ’
497 927 616 1003 εἰσορῶν.
647 924 814 1007 Utramque
839 925 1043 988 coniecturam
1071 927 1248 988 memoravit
1268 924 1389 988 Nauck.

351 1044 425 1103 969.
456 1039 561 1103 οὐδὲν
584 1042 619 1102 ε’ν
642 1041 772 1117 ταύτῷ
796 1043 924 1120 μένει,
953 1039 1011 1102 nil
1036 1048 1168 1102 manet
1192 1041 1231 1103 in
1256 1040 1389 1102 codem

305 1163 423 1236 statu,
447 1153 549 1215 omnia
571 1151 656 1214 lluxa
679 1161 761 1214 sunt.
786 1151 900 1214 Eadem
925 1150 1017 1215 verba
1033 1153 1178 1236 leguntur
1198 1155 1227 1216 iu
1247 1162 1390 1236 corrupto

304 1269 370 1331 loco
401 1266 563 1351 Sophoclis
594 1267 642 1347 (lr.
677 1269 742 1350 93).
785 1265 821 1329 In
856 1266 1012 1349 querendo
1045 1267 1083 1330 de
1116 1267 1257 1330 fortunae
1288 1268 1390 1330 incon-

304 1381 417 1443 stantia
456 1379 546 1442 multi
586 1387 659 1442 sunt
695 1400 799 1441 omncs
834 1380 971 1441 omnium
1008 1388 1143 1443 aetatum
1179 1389 1295 1462 poetae.
1343 1379 1387 1441 Ex

305 1505 409 1557 nostro
433 1513 587 1575 compares
611 1491 689 1554 infra
719 1494 812 1568 1513,
836 1492 910 1556 Hoc.
930 1496 1003 1568 846,
1022 1493 1090 1558 Hel.
1109 1497 1169 1558 711
1189 1515 1262 1577 sqq.,
1279 1493 1387 1557 'l'road

306 1612 389 1671 1118
410 1628 470 1689 sq.,
497 1608 582 1669 1203
600 1626 665 1688 sqq.
691 1614 721 1667 et
745 1627 823 1688 quae
847 1607 950 1669 notavi
975 1605 1072 1669 adO.
1098 1607 1133 1670 R.
1157 1609 1220 1673 977
1239 1629 1284 1690 aq.

349 1723 422 1785 970.
453 1719 573 1783 οίκτοιν
596 1757 641 1767 -
664 1718 944 1797 ἀντεχώμεθα,
977 1720 1016 1782 in
1041 1720 1390 1804 lamentis'perse-

304 1856 488 1898 voremus.

350 1951 424 2012 973.
457 1947 504 2011 τίν
535 1946 710 2024 κρείσσω.
743 1945 788 2010 Οί.
813 1968 905 2029 supra
929 1946 967 2008 ad
993 1950 1065 2011 254.
1088 1985 1133 1995 -—
1157 1949 1387 2028 ὑπερδράμω,

302 2065 320 2127 i.
346 2088 370 2126 e.
401 2064 513 2136 νικήσω.
550 2060 595 2124 Of.
625 2060 733 2125 Troad.
759 2063 833 2137 930,
860 2060 927 2124 Hel.
957 2063 1049 2124 1594.
1082 2061 1184 2125 Multa
1207 2063 1295 2125 verba
1319 2084 1387 2124 cunr

303 2177 406 2241 eadem
424 2175 647 2259 praepositione
665 2175 834 2258 composita
851 2174 977 2237 eandem
994 2174 1109 2238 habent
1124 2176 1280 2238 notionem
1296 2186 1387 2237 meta-

303 2289 474 2375 phoricam,
499 2287 583 2350 velut
607 2286 798 2365 ὑπερβαίνειν,
822 2325 866 2334 ——
889 2289 953 2366 θεῖν,
972 2326 1017 2336 -
1037 2288 1141 2366 ualde,
1162 2327 1206 2336 -
1226 2289 1322 2368 σαίρειν,
1348 2327 1382 2336 -«

302 2405 407 2484 Φέρειν,
432 2439 476 2448 -
499 2399 636 2476 βοίλλειν,
660 2438 704 2448 -
729 2401 894 2481 ακοντίζειν.

348 2520 421 2579 981.
446 2511 627 2589 στείλαιμ’
647 2513 701 2577 clv.
726 2513 777 2576 Sic
793 2515 908 2578 correxi
929 2517 1094 2598 Varslopaa
1107 2516 1162 2593 IV,
1181 2521 1211 2591 θ,
1227 2539 1253 2599 p.
1269 2519 1329 2580 187
1344 2537 1388 2598 sq,

302 2631 395 2706 „lloo
420 2628 524 2692 eodem
549 2626 647 2690 redit'’
671 2627 714 2689 ita
738 2626 905 2690 scribebam
925 2629 1028 2704 „acsi
1048 2627 1162 2693 Creiisa
1183 2629 1388 2712 respondisset

301 2742 455 2815 ὁπλίσαιμ’
475 2739 528 2814 ίαν,
550 2739 603 2801 sed
623 2737 805 2822 Euripides,
829 2746 864 2802 ut
884 2738 1000 2802 bouum
1024 2750 1145 2824 poetam
1167 2740 1310 2815 decebat,
1327 2740 1387 2803 alio

306 2855 398 2919 verbo
423 2878 498 2919 usus
524 2853 649 2916 variavit
665 2855 850 2932 orationem,
867 2875 991 2936 prorsus
1012 2863 1048 2916 ut
1068 2855 1131 2918 326
1145 2876 1190 2937 sq.
1203 2854 1388 2931 succedantur

302 2969 467 3053 respondet
498 2989 673 3051 praegresso
705 2968 846 3049 ἤσκησαι,
880 2974 909 3030 et
941 2968 1005 3031 363
1038 2989 1081 3051 sq.
1109 2967 1189 3030 idem
1215 2968 1389 3051 significant

301 3084 406 3159 κοίμνει
427 3094 456 3145 et
477 3078 578 3145 νοσεῖ.”
614 3079 725 3144 Nauck
748 3103 855 3164 parum
879 3080 1006 3144 feliciter
1033 3080 1139 3159 θέλοιμ’
1164 3080 1200 3144 ι’ίν
1220 3083 1386 3166 proposuit.

348 3199 423 3260 982.
449 3198 565 3275 ἱεραῖσιν
584 3198 613 3259 ἓν
630 3203 786 3269 σκηναῖσιν.
806 3193 853 3260 Cf.
872 3198 946 3259 806.
966 3198 1040 3278 θοινρῖ
1053 3223 1094 3255 :z
1111 3197 1231 3272 δαίννσι,
1246 3197 1386 3276 δειπνίζει.

301 3309 437 3373 Verbum
461 3308 605 3385 adhibet,
631 3309 724 3392 idque
748 3308 868 3386 crebro,
897 3309 980 3372 solus
1007 3311 1190 3393 tragicorum
1209 3309 1383 3393 Euripides,

302 3423 354 3485 sed
380 3423 430 3485 bic
454 3431 571 3485 tantum
599 3412 695 3485 forma
720 3423 828 3487 activa.
863 3421 1028 3505 Sophocles
1052 3445 1089 3485 ne
1106 3422 1305 3486 substantivis
1321 3423 1387 3504 qui-

302 3535 370 3599 dem
395 3537 466 3610 θοίνη
490 3545 521 3598 et
543 3537 671 3615 θοινατιίρ
695 3559 769 3599 usus
785 3547 850 3613 est,
869 3536 1040 3620 Aeschylus
1058 3544 1204 3620 utroque,
1220 3535 1386 3619 Euripides

301 3657 372 3712 sunt
403 3651 493 3724 θοίνα,
526 3649 666 3732 θοίναμα,
698 3651 848 3731 θοινατοιρ,
878 3651 1055 3729 θοινατήριον.
1090 3649 1184 3732 Apud
1208 3649 1384 3712 Alcmanem

301 3771 346 3825 est
365 3764 500 3843 φοίνα,
523 3786 613 3847 quem
635 3764 819 3827 Aeolismum
837 3787 916 3843 esse,
933 3787 994 3828 non
1012 3764 1203 3848 Dorismum,
1220 3774 1300 3828 recte
1316 3786 1386 3827 con·

300 3875 397 3938 tendit
421 3876 540 3940 Ahreus
564 3877 698 3941 dedial.
725 3877 845 3942 Dorica.

345 3993 418 4055 983.
442 3990 483 4054 τὸ
510 3992 642 4055 δοῦλον
665 3992 818 4062 ἀσθενές.
843 3990 942 4055 Orest.
966 3993 1048 4054 1113
1069 3992 1143 4054 οὐδὲν
1159 3990 1301 4055 τὸδοῦλον
1316 3990 1384 4067 πρὸς

299 4104 331 4168 τὸ
362 4106 404 4178 μὴ
435 4104 531 4168 δοῦλον
562 4106 653 4180 γένος.
692 4102 757 4167 Νοο
785 4105 915 4180 mirum,
940 4102 1028 4179 ἥμισυ
1052 4105 1111 4182 γαρ
1134 4105 1255 4183 αρετῆς,
1281 4111 1384 4166 otest

298 4217 378 4302 apud
407 4218 576 4282 Homerum
598 4219 773 4282 ἀποαίνυται
798 4218 924 4299 εὐρνίπα
947 4218 1019 4289 Ζεύς
1034 4225 1038 4307 l
1052 4218 1166 4297 οίνέρος,
1191 4215 1251 4282 εὖτ’
1275 4215 1384 4294 σίνμιν

297 4332 378 4395 κατὰ
401 4330 508 4395 δούλιον
532 4326 610 4411 ἦμαρ
633 4329 738 4413 ἕλρσιν.
764 4331 836 4415 Ipsa
860 4331 988 4395 servitus
1009 4331 1147 4394 homines
1164 4330 1294 4415 perfidos
1311 4330 1383 4393 lacit
