3112 4914
613 399 865 443 commusramus.
1218 377 1281 443 165

198 595 291 678 plena
305 617 365 679 qua
382 595 561 659 fruebantur
573 593 695 658 dicendi
701 592 918 677 sentiendique
930 593 1087 669 libertate,
1102 614 1163 676 qua
1175 599 1277 657 tamen

198 726 248 768 eos
281 705 362 768 haud
387 727 453 769 raro
476 705 585 768 abusos
608 705 702 768 fuisse
726 706 828 788 negari
853 727 913 768 uon
938 713 1047 789 potest.
1080 704 1278 769 Substantivo

196 818 306 901 reliqui
326 820 432 902 tragici
451 820 496 882 usi
513 841 573 882 nou
590 827 677 898 sunt,
695 818 784 882 Ioues
801 841 856 902 pro
873 841 908 882 eo
930 821 1275 904 usurparuutulonyoplm

196 931 293 995 rarius
328 933 442 1010 Attici,
479 953 610 1016 quorum
645 955 734 997 nemo
770 941 840 996 aute
876 933 1110 1016 Xenophontem
1144 932 1277 1012 ἰτννιρόα

196 1041 307 1107 dixisse
330 1044 459 1110 videtur.

241 1159 315 1221 676.
335 1159 528 1235 πενθίμους
551 1159 770 1235 όλαλανόις.
795 1159 912 1223 Phoeu.
934 1161 997 1222 335
1014 1158 1066 1235 ξὺν
1081 1161 1274 1236 όλαλαγαῖτι

194 1273 420 1350 στεναγμότων.
445 1275 490 1338 De
514 1275 613 1338 fausto
638 1274 768 1338 clamore
788 1273 954 1359 Sophocles
971 1274 1080 1338 Traoh.
1099 1278 1172 1352 205,
1190 1274 1278 1339 Euri·

195 1386 280 1470 pides
312 1387 382 1451 Hel.
414 1391 495 1451 1360
515 1388 615 1452 λόταν
634 1388 819 1464 &grauatae
842 1389 965 1472 όλαλρῖ,
990 1389 1045 1453 ubi
1069 1396 1170 1453 tamen
1194 1397 1276 1453 recte

194 1501 395 1565 substitutum
419 1504 497 1567 όλόν
521 1525 536 1565 a
562 1501 681 1568 Bothio.
704 1502 819 1568 Plroen.
835 1506 918 1568 1671
933 1504 1074 1579 πενθίμων
1086 1541 1130 1553 -
1142 1503 1277 1584 δακρύων.

238 1615 531 1692 στεναγμάτων
561 1620 588 1680 τ’
612 1616 812 1693 εἰσβολάς.
847 1617 953 1702 Suppl.
986 1619 1028 1679 92
1060 1617 1276 1695 ναινόιςεῖσβο-
1332 1655 1341 1666 =

193 1728 250 1799 λόις
275 1765 322 1778 --
340 1730 445 1804 λόγων.
482 1729 562 1794 Vide
586 1753 655 1794 mox
681 1734 753 1795 722.

240 1843 312 1905 686.
336 1839 447 1914 ἄταις
472 1880 517 1891 -—
538 1843 752 1920 >retemptare
776 1843 898 1907 τέκνων
922 1844 1062 1928 (orbus,
1088 1866 1214 1927 exspes
1234 1845 1300 1908 li·‘

194 1954 318 2018 berum
344 1957 447 2019 Attius
470 1979 519 2041 ap.
544 1955 627 2020 Nou.
653 1981 676 2020 s.
702 1980 728 2022 u.
752 1962 897 2041 exspes).
926 1956 981 2020 Rei
1005 1957 1134 2040 gravitas
1152 1965 1276 2021 erousat

193 2069 404 2152 tautologiam.
448 2070 596 2134 Similiter
628 2071 705 2134 inira
741 2073 823 2133 1463
856 2069 1024 2141 όιταιδες
1062 2071 1154 2134 οὐκέτ’
1189 2072 1277 2148 ἐσμὲν

192 2183 249 2246 οὐδ’
273 2182 453 2261 ότεκνιι,
483 2184 625 2248 Androm.
651 2188 692 2247 95
717 2185 786 2248 όνόι
810 2183 910 2259 στόμ’
932 2184 978 2248 aa>
1003 2186 1059 2248 καὶ
1084 2183 1140 2247 δια
1163 2184 1276 2259 yata-

193 2321 243 2368 τνς
269 2297 365 2376 ἔχειν,
392 2308 426 2360 ut
450 2296 509 2361 alia
533 2297 681 2362 omittam.

238 2412 310 2474 681.
335 2411 548 2494 πρόμαντι,
574 2419 702 2476 uates.¹
730 2409 921 2474 Vocabulum
947 2411 1061 2475 scribae
1085 2434 1185 2475 errore
1205 2411 1278 2497 legi-

192 2532 243 2587 tur
273 2547 319 2609 ap.
351 2525 443 2609 Soph.
467 2525 514 2589 El.
538 2528 601 2590 475
627 2521 695 2590 εἶσιν
718 2525 740 2587 ιὶ
762 2524 981 2605 πρόμαντις
1005 2526 1102 2602 Δόιια,
1129 2526 1183 2590 ubi
1207 2527 1276 2606 τρό-

191 2648 303 2718 φαντος
335 2639 450 2702 correxi
480 2638 561 2702 Stoa.
598 2641 669 2702 Cra't.
687 2644 732 2731 'ia
760 2645 836 2724 poet.
868 2639 915 2702 So.
947 2639 1002 2702 Gr.
1028 2662 1096 2724 pag.
1122 2643 1182 2717 15,
1206 2649 1276 2704 aute

192 2749 404 2835 Blaydesium,
438 2753 492 2834 qui
521 2750 601 2814 idem
626 2752 785 2836 proposuit
810 2773 890 2814 anuo
913 2760 982 2836 post
1005 2753 1037 2815 iu
1063 2753 1197 2817 editione
1221 2762 1277 2817 sua

191 2863 330 2927 Electrae
355 2887 423 2948 pag.
450 2867 502 2928 89.

237 2979 310 3042 688.
334 2977 439 3058 ἀμφὶ
465 2979 576 3050 ναοὺς
599 3015 644 3026 -
666 2977 865 3060 τρόφιμος.
898 2977 945 3042 Ol.
971 2979 1013 3041 52
1037 2985 1068 3041 et
1084 2981 1160 3056 388,
1179 2980 1276 3063 suspi-

190 3091 266 3152 ceris
290 3091 340 3154 hio
363 3113 486 3175 quoque
509 3092 592 3162 ναιός
612 3114 677 3168 esse
695 3091 934 3176 Byzantium-um
954 3093 1279 3177 interpretamentum

191 3212 220 3265 et
243 3203 411 3287 genuinum
437 3225 501 3266 esse
523 3203 688 3280 βωμούς.
725 3202 770 3268 Of.
794 3226 887 3288 supra
910 3204 947 3268 ad
974 3207 1047 3268 177.

238 3316 312 3378 686.
336 3317 374 3379 οὐ
398 3314 473 3392 νόρ
496 3338 543 3392 με
565 3315 692 3379 σαόνει
717 3315 795 3379 libri.
824 3313 855 3378 si
873 3316 946 3378 haee
963 3315 1052 3380 verba
1068 3339 1141 3381 sana
1157 3326 1273 3402 essent,

189 3428 385 3508 grammatica
413 3415 684 3511 certerequireret
706 3430 738 3493 iu
763 3429 962 3511 sequentibus
985 3432 1028 3509 μὴ
1056 3431 1121 3513 (οὐ)
1140 3434 1194 3496 τιν’
1216 3431 1273 3515 ἔχρ
1388 3521 1392 3527 .

188 3542 276 3607 δόλον.
313 3541 399 3605 Nou
436 3543 539 3606 euim
572 3543 671 3607 mihi
702 3542 979 3609 blandiuntur
1009 3545 1195 3623 oracula,
1227 3569 1272 3610 ne

188 3677 304 3737 quem
328 3654 506 3720 habeant
530 3657 676 3722 dolum.
700 3655 778 3736 Quis
796 3680 864 3723 vero
880 3658 982 3723 credat
999 3660 1043 3723 sic
1059 3658 1120 3723 diei
1136 3661 1273 3743 potuisse

188 3792 260 3852 pro:
283 3790 424 3832 vereor
448 3792 493 3833 ne
514 3792 624 3854 quem
643 3769 927 3845 dolum'eeleut
947 3773 1137 3837 oracula?
1157 3775 1272 3838 Σαόνειν

188 3889 223 3946 ut
252 3881 404 3947 αἰαόλλειν
435 3892 465 3946 et
491 3883 638 3948 Latinum
663 3884 785 3949 verbum
810 3885 976 3950 adulari
999 3887 1120 3971 proprie
1145 3909 1270 3973 usurpa·

187 4002 238 4056 tur
270 3994 307 4056 de
338 3995 464 4059 canibus
495 3996 621 4060 caudam
651 3996 865 4074 moventibus,
891 3999 972 4062 unde
995 3999 1030 4062 fit
1052 4007 1088 4063 ut
1112 4000 1269 4064 notionem

187 4106 295 4169 induat
327 4107 582 4173 blandiendi.
623 4111 735 4174 Σαόνειν
773 4118 874 4175 tamen
913 4112 1067 4176 interdum
1107 4112 1271 4177 adhibetur

186 4220 223 4284 de
247 4220 301 4297 iis,
328 4242 406 4304 quae
422 4222 537 4286 Graece
553 4221 699 4287 dicuutur
714 4221 846 4300 ότινλα,
865 4224 885 4287 i.
899 4245 923 4289 e.
944 4246 1034 4308 quae
1051 4225 1117 4290 sub
1134 4225 1270 4290 blanda

188 4334 323 4419 specie
348 4333 485 4398 celant
508 4336 668 4418 aliquid
692 4337 801 4417 mali,
826 4338 910 4402 velut
933 4337 1015 4422 apud
1039 4337 1221 4422 Sophoclem
1237 4339 1269 4405 iu
