3112 4914
613 404 867 450 concurramus.
1223 383 1286 447 135

201 607 273 665 nata
309 607 373 678 est,
410 599 492 684 quod
528 598 644 665 scribae
679 599 762 664 oculi
792 598 973 663 aberrarunt
1002 598 1040 662 ad
1073 599 1148 672 447,
1182 596 1287 682 quales

201 736 314 796 errores
345 722 419 777 suut
451 715 693 798 perfrequenter,
726 722 756 777 et
787 713 949 797 diligenter
982 712 1095 795 ubique
1126 711 1286 775 observare

202 835 247 889 est
272 848 380 910 operae
405 826 547 910 pretium.

245 943 319 1005 445.
343 941 454 1012 dicar
476 941 634 1018 βιοιίοον.
679 941 797 1006 Heracl.
824 943 888 1004 494
911 941 982 1006 ἀλλ’
1007 940 1039 1014 ἣν
1058 941 1193 1004 atam
1216 940 1287 1020 δρῶ,

200 1054 335 1119 dicata
367 1053 505 1132 τείσομαι
529 1077 583 1138 pro
607 1057 707 1140 priore
730 1055 869 1121 δίκονιοι
892 1055 1009 1119 correxi
1031 1055 1149 1131 βίοιο
1172 1053 1285 1118 Stud.

200 1167 296 1232 Orit.
321 1169 358 1233 in
384 1176 486 1252 poet.
510 1191 609 1234 scen.
635 1191 702 1252 pag.
727 1173 768 1233 30
795 1192 841 1252 sq.

248 1283 323 1344 445.
360 1280 507 1358 Versum,
543 1283 569 1347 si
601 1281 737 1359 abesset,
772 1303 834 1347 non
857 1282 1051 1364 requirerem.
1093 1279 1159 1344 Nec
1183 1287 1284 1343 tamen

201 1394 338 1477 spurium
364 1396 516 1461 existimo.
552 1393 642 1461 Oerte
667 1394 798 1480 Apollo,
823 1394 946 1478 Jupiter
969 1404 997 1456 et
1023 1392 1189 1477 Neptunus
1215 1414 1286 1476 prae

200 1508 308 1571 ceteris
332 1509 390 1572 diis
413 1509 503 1572 furtis
528 1509 591 1572 suis
616 1509 723 1573 famosi
747 1517 843 1573 erant.

247 1624 322 1686 447.
347 1620 472 1705 Optime
495 1621 646 1685 intellexit
670 1621 834 1685 Barnesius
857 1621 1033 1691 τίνοντες
1058 1619 1095 1682 de
1119 1618 1288 1683 mulctis

158 1768 160 1770 v
201 1734 356 1798 solvendis
391 1735 602 1818 accipiendum
639 1758 702 1801 esse
737 1744 767 1798 et
800 1735 991 1800 κενώσετε
1027 1733 1064 1796 de
1100 1732 1286 1817 templorum

200 1847 424 1911 thesauris.

246 1965 321 2025 449.
344 1962 575 2041 τρομνδίοις.
600 1961 739 2026 Iustinus
763 1960 944 2040 προμηθείας·
975 1959 1065 2037 „Hac
1088 1958 1185 2022 forma
1208 1961 1299 2041 (τον,

200 2075 305 2159 pudic)
326 2082 504 2138 constanter
527 2075 635 2158 tragici
659 2083 793 2139 utuntur
815 2096 877 2137 non
900 2074 1091 2153 τρομήθειοο.
1114 2071 1284 2149 „Druuouu

200 2193 232 2250 in
255 2191 314 2252 lece.
334 2189 424 2271 Soph.
450 2185 498 2250 Ab
522 2187 678 2251 adiectivis
703 2187 741 2250 in
767 2188 806 2261 ἧς
826 2186 935 2251 Graeci
951 2187 1121 2250 formarunt
1142 2193 1205 2250 aut
1220 2208 1287 2271 pro-

201 2311 390 2386 paroxytona
413 2305 444 2367 in
469 2327 514 2366 ειοι
537 2309 591 2365 aut
615 2310 801 2386 paroxytoua
824 2303 855 2365 in
880 2304 928 2380 ιὀι,
948 2312 1087 2386 correpta
1102 2302 1190 2367 litera
1206 2301 1285 2377 iota,

201 2437 293 2497 quare
317 2424 494 2498 suspectum
518 2415 663 2479 Elmsleio
688 2415 725 2477 ad
749 2413 785 2478 Ο.
810 2413 845 2478 O.
873 2417 934 2479 748
953 2414 1036 2498 quod
1053 2412 1158 2478 crebro
1174 2414 1288 2496 legitur

203 2534 302 2609 οιῖκίοι,
336 2533 486 2617 producta
517 2541 692 2597 constanter
718 2532 831 2608 vocali,
857 2532 1000 2614 quocirca
1023 2554 1123 2594 veram
1148 2531 1287 2596 vocabuli

203 2645 328 2710 formam
370 2669 434 2711 esse
474 2647 588 2710 iudicat
627 2646 723 2711 οιῖοιοιοι
761 2647 938 2729 (formatum
976 2644 1014 2709 ab
1049 2646 1147 2730 οιέκής)
1159 2693 1168 2723 ,
1205 2652 1286 2709 recte

144 2790 149 2799 “
202 2749 308 2840 attala,
332 2750 440 2836 κοιλΙοο,
466 2749 547 2828 acula
569 2764 607 2828 ad
631 2764 715 2827 aliud
739 2786 835 2847 genus
859 2763 1000 2827 referens.
1018 2801 1062 2812 -
1079 2763 1198 2841 adpre
1222 2770 1285 2827 tam

201 2879 397 2961 postponitur
419 2900 509 2960 quam
528 2879 725 2961 praeponitur
748 2878 888 2960 regimini
905 2899 970 2942 suo.
998 2876 1168 2960 Praepositi
1184 2898 1286 2940 exem-

201 2978 285 3075 plum
320 2992 412 3056 habes
443 2992 536 3076 Soph.
565 2991 602 3055 O.
627 2991 661 3055 Ο.
693 2995 768 3054 418.
809 2991 896 3055 Idem
920 2991 1000 3055 valet
1023 2990 1060 3054 de
1084 2991 1284 3069 πάροιθεν,

200 3106 283 3188 quod
314 3107 512 3189 praeponitur
543 3105 654 3169 Aesch.
689 3104 764 3168 cho.
795 3109 870 3169 390.
905 3104 950 3169 Of.
975 3103 1126 3184 τρόπον
1151 3112 1180 3167 et
1203 3126 1284 3183 τρο-

199 3217 386 3297 asporto.
420 3218 596 3301 Conington
626 3229 750 3300 propter
775 3217 888 3282 Iustiui
912 3218 1072 3281 lectionem
1097 3218 1187 3296 τέμοις
1210 3237 1283 3280 con-

198 3335 268 3398 iecit
293 3336 382 3416 τέμοι,
413 3335 495 3418 quod
519 3335 595 3397 mihi
619 3335 742 3416 quidem
767 3356 837 3417 prae
861 3331 985 3414 vulgata
1008 3331 1138 3395 lectione
1162 3329 1282 3395 arridet.

202 3447 444 3531 „Voluptatibus
468 3447 550 3510 enim
574 3446 669 3509 dediti
693 3468 753 3509 non
778 3446 810 3507 in
828 3445 925 3528 primo
943 3443 1009 3507 loco
1031 3443 1233 3526 voluptatem,
1250 3442 1282 3504 in

198 3561 331 3623 secundo
353 3561 544 3644 prudentiam
564 3570 733 3636 sectantur,
751 3558 803 3622 aed
819 3559 1008 3641 voluptatem
1026 3558 1136 3633 solam,
1154 3579 1281 3641 eamque

197 3673 279 3736 ultra
303 3674 483 3757 prudentiae
506 3674 651 3736 limitea’'
681 3673 828 3736 Brenno.
995 3666 997 3672 ¹

242 3789 306 3848 450
324 3809 367 3869 sq.
393 3785 438 3848 De
462 3786 519 3848 hoc
543 3785 625 3862 loco,
651 3794 686 3848 ut
709 3785 833 3848 deorum
859 3786 932 3848 vitia
955 3784 1104 3848 malorum
1120 3785 1280 3848 hominum
1328 3836 1331 3841 .

197 3899 352 3961 excusatio
385 3908 415 3961 et
446 3898 612 3961 aemulatio
641 3898 755 3961 fuerint
783 3897 851 3961 vide
876 3897 1048 3982 exemplum
1072 3896 1103 3959 in
1129 3895 1280 3962 Eunucho

197 4012 380 4075 Terentiano
406 4016 471 4075 Act.
495 4011 556 4087 III,
582 4011 669 4075 Scen.
697 4013 726 4075 5.
751 4009 935 4094 cyprianum
961 4012 1048 4094 epist.
1070 4010 1104 4073 Π
1124 4018 1153 4072 et
1172 4010 1280 4094 Hugo·

196 4148 265 4189 nem
300 4125 442 4188 Grotium
479 4124 517 4187 de
553 4124 679 4187 veritate
715 4122 905 4186 Christianae
944 4123 1100 4206 religionis
1135 4120 1188 4188 lib.
1223 4121 1278 4187 IV.

194 4240 328 4303 Breues,
364 4238 492 4322 Egregie
526 4245 630 4302 noster
664 4239 771 4322 fragm.
808 4239 890 4312 994,
924 4240 960 4300 7:
991 4239 1014 4301 εἰ
1045 4237 1101 4301 θεοί
1129 4261 1158 4301 τι
1181 4236 1279 4317 δρῶσιν

194 4353 328 4433 οιίοχρόν,
352 4355 404 4416 οὐκ
426 4351 496 4416 εἰσὶν
518 4352 581 4417 θεοί.
616 4351 705 4416 Herc.
721 4351 794 4415 Fur.
815 4353 897 4414 1341
917 4371 982 4434 sqq.
1000 4350 1058 4426 ἐγὼ
1074 4350 1103 4412 δὲ
1118 4351 1184 4422 τοὺς
1201 4351 1277 4423 θεοὺς
