3112 4914
686 399 869 444 Pusurarlo.
1280 401 1325 444 Vll

232 591 338 654 maior.
372 589 451 652 Nam
476 591 573 672 ipsius
599 591 724 673 quidem
741 591 828 655 Ionis
846 614 992 675 persona,
1010 593 1172 676 imaginem
1192 593 1323 657 referens

232 703 433 767 adolescentis
458 704 502 786 pii
526 713 556 767 et
579 704 703 767 candidi
728 712 758 767 et
781 705 968 788 incorrupti,
1003 706 1108 769 matris
1132 728 1205 769 suae
1229 729 1320 790 quam

232 840 294 881 non
318 827 407 881 norat
431 816 512 901 pleni
537 818 703 895 desiderio,
727 819 927 882 amantissimi
945 841 1015 882 vero
1033 830 1064 883 et
1079 820 1224 903 Pythiae,
1243 842 1322 903 quae

232 955 249 994 a
278 932 390 994 teneris
414 932 524 1014 ¹ipsum
556 931 754 1008 educaverat,
787 939 817 994 et
842 931 1013 1014 Apollinis,
1037 933 1069 995 in
1094 933 1181 995 ouius
1206 933 1321 1016 templo

234 1043 443 1116 ministrabat,
470 1065 526 1106 nec
550 1042 697 1106 humilem
723 1044 774 1106 sed
800 1052 934 1107 sanctam
957 1044 1091 1128 bonique
1108 1046 1164 1107 otii
1181 1045 1323 1108 refertam

232 1157 442 1220 corrdicionem
479 1179 548 1220 cum
583 1159 644 1221 vita
675 1157 836 1240 splendida
867 1158 918 1220 sed
952 1158 1084 1221 invidiae
1117 1158 1323 1243 periculisque

233 1271 364 1353 obnoxia
395 1280 582 1335 commutare
614 1271 783 1355 cupientia,
817 1271 901 1335 Ionis
923 1273 1095 1354 ,inquam‚
1120 1293 1266 1355 persona,
1291 1273 1322 1334 in

233 1407 292 1466 qua
325 1384 431 1468 (modo
462 1385 528 1466 ipse
553 1393 643 1466 poeta
665 1384 697 1446 in
723 1383 813 1467 eulpa
836 1384 890 1461 sit3
917 1384 953 1447 cl.
979 1384 1016 1446 ad
1043 1387 1119 1464 651)
1143 1384 1202 1446 hoc
1226 1406 1321 1447 unum

154 1527 158 1533 ·
232 1496 332 1559 minus
357 1494 467 1574 laudo,
491 1496 574 1578 quod
599 1496 694 1559 nimia
717 1496 779 1560 fere
803 1496 949 1559 facilitate
973 1519 991 1559 a
1013 1496 1140 1572 Xutho,
1165 1506 1202 1559 ut
1218 1505 1319 1558 tamen

233 1631 334 1672 secum
360 1609 571 1692 proficiscatur
593 1609 748 1687 Athenas,
773 1609 948 1692 persuaderi
972 1609 1030 1671 sihi
1048 1631 1154 1692 passus
1171 1617 1232 1692 est,
1251 1609 1324 1670 satis

155 1754 158 1760 ·
232 1723 360 1785 feliciter
384 1722 537 1784 delineata
560 1744 624 1784 esse
649 1722 786 1803 videtur3
811 1723 864 1785 sed
889 1722 969 1784 idem
994 1745 1056 1784 non
1077 1744 1172 1805 aeque
1188 1721 1270 1809 valet
1286 1723 1323 1785 de

232 1833 356 1910 Xutho,
391 1835 445 1917 qui
469 1832 576 1917 'qualis
608 1835 649 1896 sit
680 1833 792 1897 frustra
824 1834 901 1896 scire
933 1833 1063 1897 labores.
1106 1833 1221 1896 Melius
1251 1857 1324 1896 sane

232 1944 413 2008 adumbrata
444 1954 491 2008 est
523 1967 651 2028 persona
682 1945 774 2007 senis
795 1945 880 2007 illius
908 1945 1093 2028 paedagogi,
1118 1945 1172 2027 qui
1196 1944 1323 2007 iuvenili

233 2057 339 2120 ardore
362 2057 511 2142 flagrans,
536 2079 601 2119 erae
626 2066 656 2119 et
680 2057 789 2118 domus
813 2056 1004 2120 Erechtheas
1028 2057 1140 2120 ductus
1165 2080 1266 2122 amore
1291 2079 1325 2120 ac

231 2169 396 2246 fidelitate,
428 2192 498 2233 curn
531 2171 616 2252 gravi
648 2171 727 2232 vitae
751 2193 824 2233 suae
848 2171 1023 2234 discrimine
1047 2179 1155 2254 sponte
1180 2194 1211 2234 se
1236 2170 1324 2234 offert

149 2353 152 2356 Α
232 2294 267 2346 ut
298 2306 352 2367 pro
384 2283 437 2347 illa
468 2264 588 2347 facinus
617 2283 706 2346 adeat
730 2284 980 2347 scelestissimum
989 2311 998 2361 3
1024 2285 1076 2346 sed
1102 2286 1150 2347 vix
1175 2284 1239 2347 ulla
1264 2283 1323 2344 vir-

232 2404 299 2460 tute
326 2434 371 2445 -
394 2397 453 2459 nisi
477 2398 554 2460 forte
579 2397 724 2460 virtutem
750 2419 894 2460 vocamus
919 2398 1006 2480 pueri
1031 2397 1102 2459 olim
1120 2396 1285 2459 crudeliter
1306 2417 1324 2456 a

232 2532 263 2572 se
288 2510 418 2593 expositi
443 2509 628 2574 desiderium
652 2517 822 2572 maternum
848 2546 893 2557 -
916 2510 1078 2572 redimitur
1095 2509 1226 2584 Creusa,
1245 2529 1322 2591 quae

231 2633 350 2698 tamen,
384 2632 420 2686 ut
451 2625 527 2687 bene
554 2624 707 2687 intellexit
734 2623 930 2686 Godolredus
955 2623 1168 2698 Hermannus,
1194 2629 1240 2684 est
1264 2620 1323 2704 pri·

231 2738 326 2801 maria
351 2737 443 2800 huius
468 2738 614 2801 dramatis
638 2760 767 2821 persona
784 2739 825 2818 ¹),
851 2739 954 2820 itaque
982 2736 1131 2819 imprimis
1161 2736 1280 2797 curiose
1305 2757 1321 2796 a

232 2860 322 2934 poeta
344 2851 468 2914 tractari
492 2873 527 2912 ex
553 2873 620 2913 mea
644 2851 768 2934 quidem
789 2850 941 2913 sententia
957 2848 1114 2912 debuerat.
1140 2847 1224 2911 Haeo
1242 2848 1323 2910 enim

231 2963 457 3046 perversissima
482 2971 512 3025 et
536 2961 740 3046 perditissima
766 2961 841 3024 mihi
865 2984 930 3024 esse
955 2960 1076 3023 videtur
1099 2959 1227 3041 femina,
1245 2979 1323 3040 quae

232 3074 336 3138 Ionem
361 3098 378 3137 a
401 3075 509 3138 Xutho
534 3097 570 3138 ex
595 3075 654 3137 alia
678 3075 752 3137 olim
777 3082 872 3137 matre
897 3074 974 3137 clam
1000 3095 1031 3134 se
1048 3078 1241 3155 procreatum
1259 3090 1324 3131 esse

232 3189 401 3271 suspicata,
435 3209 496 3250 non
530 3189 632 3270 ipsum
665 3187 792 3250 infidum
825 3210 915 3270 quem
948 3195 1037 3270 putat
1065 3185 1245 3267 coniugem,
1270 3181 1322 3244 sed

231 3301 370 3363 iuvenem
402 3301 572 3375 insontem,
607 3301 661 3382 qui
694 3301 832 3382 quamvis
866 3300 988 3383 ignotae
1012 3298 1136 3361 mulieri
1162 3295 1321 3373 oraculum

232 3414 404 3475 consulenti
435 3414 642 3475 amantissime
674 3422 793 3496 praesto
827 3413 944 3489 fuerat,
978 3412 1094 3494 quique
1126 3411 1202 3493 ipsi,
1228 3418 1262 3470 ut
1287 3429 1323 3470 ex

232 3527 296 3588 eius
315 3525 413 3589 verbis
430 3529 524 3608 (308)
542 3527 721 3609 suspiceris,
736 3525 818 3588 haud
833 3525 1025 3587 mediocriter
1038 3521 1191 3607 placebat,
1207 3542 1323 3584 veneno

233 3638 269 3702 de
294 3639 394 3701 medio
419 3639 544 3715 tollere,
570 3639 663 3721 idque
688 3640 787 3701 alieno
812 3639 909 3720 magis
934 3659 1025 3720 quam
1049 3659 1105 3699 suo
1127 3635 1261 3719 periculo
1279 3635 1323 3714 2),

266 3886 290 3948 1)
309 3885 379 3933 Ionis
397 3889 481 3950 partes
498 3885 588 3948 agebat
606 3887 823 3954 δευτεραγωνιστής,
842 3885 928 3934 Xuthi
944 3890 970 3935 et
986 3883 1125 3949 paedagogi
1137 3889 1324 3950 τριταγωνιστής.

231 3975 270 4024 Of.
288 3976 320 4024 ad
338 3978 400 4034 806,
417 3992 443 4041 p.
462 3978 517 4026 177.

264 4066 290 4129 2)
308 4063 387 4124 Quod
409 4065 505 4114 crimen
528 4065 686 4129 aliquatenus
710 4066 808 4115 levatur
831 4071 892 4115 nota
913 4070 1026 4114 veterum
1044 4061 1163 4127 opinione
1180 4060 1211 4108 de
1229 4058 1322 4115 servis,

230 4159 350 4218 tanquam
375 4155 406 4204 de
429 4155 523 4204 vilibus
547 4155 675 4220 capitibus
698 4161 723 4204 et·
743 4158 832 4215 rebus,
850 4157 944 4219 quibus
961 4169 1040 4219 paene
1056 4168 1103 4217 pro
1121 4152 1198 4200 libitu
1216 4149 1321 4198 domino

231 4244 269 4292 uti
286 4245 380 4294 liceret.
406 4245 455 4294 Sed
472 4261 531 4294 cum
548 4245 662 4309 plerique
679 4245 847 4295 Athenienses
865 4251 921 4294 tum
938 4244 1086 4310 praesertim
1103 4243 1158 4306 ipse
1173 4245 1258 4290 noster
1273 4239 1321 4287 hu-

230 4335 330 4384 manius
347 4336 395 4385 hac
412 4335 444 4384 de
460 4351 488 4384 re
504 4335 628 4388 sentiebat
645 4352 721 4399 quam
738 4337 821 4385 ceteri.
