3112 4914
296 379 337 443 78
711 400 962 446 oonnnsraarus

211 641 213 645 ,
341 595 376 653 51
406 611 461 654 cur
473 592 612 675 spurium
624 592 793 655 existimem
808 594 934 676 exposui
955 597 1130 678 Verrioque,
1145 595 1200 672 IV,
1217 599 1246 672 2,
1262 620 1290 681 p.
1307 600 1376 662 177.

337 705 386 767 Ad
410 702 593 789 οἱαφιβῶμος
629 708 665 772 cf.
696 715 800 772 notata
830 709 866 771 ad
901 731 942 774 vs.
968 711 1041 775 376.
1065 709 1228 774 Librorum
1253 711 1376 775 lectioni

294 830 454 905 corruptae
467 822 596 906 apposui
608 821 690 905 quod
704 823 870 885 coniecisse
883 822 1018 886 noudum
1032 846 1079 887 me
1092 825 1228 908 poenitet
1247 823 1299 887 Ex
1309 846 1376 888 ero.

293 929 391 996 Orit.
424 955 452 1016 p.
488 935 566 1007 144,
600 933 635 997 cl.
668 956 709 997 vs.
743 937 815 999 323.
841 933 1020 1012 Iuniorem,
1045 957 1135 1019 quam
1160 937 1191 999 in
1216 937 1284 1001 adn.
1309 937 1374 1000 crit.

292 1045 455 1108 memoravi
479 1043 605 1109 Miilleri
629 1046 854 1122 coniecturam,
879 1068 941 1109 non
961 1036 1119 1131 intellego.

339 1158 388 1221 52.
414 1158 636 1236 οξπηνδρνίίη
670 1158 802 1235 δέμας.
836 1158 881 1222 (ll.
905 1157 1067 1238 ἠνδρωμένοι
1091 1158 1130 1224 H.
1154 1159 1187 1224 F.
1211 1163 1262 1224 42.
1293 1159 1377 1223 Infra

292 1274 356 1362 322
385 1272 425 1343 εἷς
447 1270 524 1352 ἄνδρ’
542 1275 661 1353 clepiaco.
686 1270 914 1337 substantivum
935 1273 1026 1351 δέμας
1047 1295 1084 1337 ex
1100 1271 1268 1337 abundanti
1281 1273 1377 1337 adiec-

291 1392 373 1461 tum,
398 1393 434 1448 ut
461 1407 550 1468 saepe
573 1386 655 1469 apud
681 1386 821 1469 tragicos.
854 1385 926 1449 Non
949 1408 1017 1450 raro
1038 1385 1202 1450 adhibetur
1222 1387 1375 1473 periphra-

291 1499 381 1582 stice,
406 1506 442 1561 ut
465 1498 559 1580 κοίρα,
584 1499 652 1564 alia.
676 1498 722 1564 Of.
746 1498 798 1564 Or.
822 1503 894 1576 107,
915 1497 1126 1583 Ιρ1ι.Α.936,
1148 1500 1262 1584 Ιρ1ι.Τ.
1278 1505 1373 1576 1440,
1393 1485 1395 1489 ’

290 1607 409 1673 Hecub.
435 1613 516 1684 712,
541 1632 680 1694 quosque
704 1609 748 1674 ibi
772 1611 856 1674 locos
880 1611 1010 1674 contulit
1033 1611 1152 1696 Pfluglr.

338 1723 387 1785 53.
412 1722 531 1795 ἠλᾶτ’.
556 1721 602 1789 Of.
626 1723 753 1798 αλητεία
777 1725 859 1800 576,
884 1727 898 1789 0‘
922 1725 1050 1802 Φοίβειος
1073 1727 1192 1797 ἀλοίσας
1218 1726 1311 1791 1089.
1331 1763 1376 1775 --

289 1836 440 1916 ιὶίιίρων.
466 1837 512 1902 Of.
535 1837 641 1921 fragm.
666 1842 748 1915 325,
774 1840 890 1917 ἄθυρμα
913 1839 1026 1922 legitur
1045 1839 1080 1903 lr.
1104 1841 1186 1916 274,
1207 1841 1252 1912 τίς
1269 1839 1292 1903 δ’
1305 1839 1374 1918 οὐχὶ

289 1949 386 2028 χαίρει
421 1950 572 2023 νηπίοις
605 1951 783 2028 οὶίύραασιν;
817 1950 870 2014 ubi
902 1952 1045 2023 νηπίων
1069 1951 1282 2035 corrigendum
1308 1974 1372 2014 esse

289 2061 396 2133 monui
426 2064 609 2144 Verrioque,
634 2061 691 2137 lv,
720 2067 747 2138 l,
777 2065 847 2126 106.

336 2181 400 2251 54..
417 2177 723 2255 χρυσοφύλακα.
759 2176 846 2255 Quae
876 2177 986 2241 deinde
1018 2179 1056 2241 de
1081 2179 1165 2242 Iouis
1192 2201 1315 2243 munere
1339 2201 1376 2241 ex

289 2291 356 2374 ipso
380 2290 546 2373 accipimus
569 2289 619 2371 (cf.
643 2298 762 2374 praeter
785 2292 958 2355 monodiam
983 2315 1025 2356 vs.
1049 2296 1132 2369 414,
1164 2297 1229 2356 434
1255 2296 1313 2376 sq.)
1339 2315 1376 2356 eo

289 2403 440 2480 tendunt,
467 2412 502 2466 ut
525 2426 586 2467 uon
609 2384 848 2481 thesaurarium,
874 2405 925 2468 sed
946 2405 1156 2469 aedituum
1180 2429 1249 2470 eum
1266 2407 1373 2496 fecisse

291 2518 426 2601 Delphos
448 2526 609 2602 putemus,
630 2521 777 2599 νεωκόρον,
799 2520 888 2582 cuius
900 2528 946 2582 est
956 2527 1061 2598 κορεῖν,
1076 2519 1182 2598 σαίρειν
1195 2519 1261 2583 loca
1273 2542 1373 2595 sacra,

289 2631 371 2714 quod
404 2630 439 2693 Io
470 2631 542 2694 lacit
576 2634 638 2695 114
660 2653 744 2715 sqq.‚
777 2632 840 2693 sive
872 2631 955 2714 quod
984 2632 1090 2694 eodem
1114 2631 1210 2709 redit,
1234 2637 1375 2710 ναοφιι-

289 2762 409 2824 λακα,
433 2745 691 2830 quemadmodum
716 2744 896 2828 Euripidem
920 2721 1076 2829 scripsisse
1102 2766 1163 2807 non
1186 2745 1263 2808 male
1279 2745 1376 2828 suspi-

290 2834 376 2923 catur
398 2859 520 2927 Nauck.
544 2858 623 2923 Vide
647 2860 688 2923 sis
711 2866 990 2943 argumentum
1015 2864 1045 2921 et
1067 2858 1104 2922 cl.
1135 2857 1204 2942 Iph.
1227 2857 1374 2922 011284.

183 2967 184 2971 ’
290 2973 441 3068 Vulgatae
473 2973 640 3058 scripturae
666 2962 770 3036 ansam
793 2972 864 3035 dare
888 2970 989 3055 potuit
1012 2970 1095 3055 quod
1121 2970 1243 3034 additur
1262 2973 1375 3045 ταμίαν

269 3092 323 3156 ’τε
346 3087 471 3181 ,πάντων
502 3085 613 3151 πιστόν.
646 3122 690 3135 -
726 3085 952 3166 Χρνοοφιίιιακες
984 3084 1004 3146 ii
1038 3090 1110 3148 suut
1142 3083 1194 3166 qni
1231 3083 1375 3147 Androm.

292 3204 376 3264 1008
401 3223 419 3263 a
442 3176 534 3291 pocta
556 3199 702 3263 dicuutur
723 3197 779 3264 door
803 3200 864 3263 ίεοῦ
887 3198 1050 3278 χρημάτων
1074 3197 1255 3277 ἐφέστασαν.

220 3377 222 3379 ,
336 3317 386 3377 55.
409 3313 655 3392 ἀνακτόροις.
681 3311 729 3378 Cf.
758 3315 850 3378 1224.
878 3312 922 3374 Ut
946 3311 989 3374 dii
1013 3310 1145 3374 audiunt
1167 3310 1313 3387 ἄνακτες,
1333 3309 1376 3372 ita

290 3428 403 3512 templa
435 3427 591 3505 ανιίκτορα.
625 3424 781 3490 Vocabulo
813 3447 900 3510 saepe
931 3425 1029 3487 utitur
1059 3431 1176 3499 noster,
1208 3422 1299 3486 semel
1324 3421 1376 3484 So·

291 3541 413 3626 phooles
449 3541 498 3621 (fr.
537 3542 631 3624 696),
669 3561 820 3622 nusquam
845 3532 1023 3621 Aeschylus.
1064 3535 1217 3599 Peculiari
1241 3534 1374 3598 nominis

289 3654 385 3717 forma
411 3652 533 3716 Gemini
561 3651 741 3716 dicebantur
761 3650 884 3728 ἄνακες,
906 3671 1073 3733 eorumque
1093 3647 1373 3712 celebrabrantur.

335 3769 386 3830 56.
422 3764 547 3846 καταζῇ.
581 3763 716 3829 Verbum
747 3764 951 3849 compositum
976 3761 1050 3827 alibi
1075 3763 1108 3827 in
1132 3761 1288 3846 tragoedia
1311 3783 1373 3824 non

289 3878 446 3960 reperitur.
478 3914 523 3925 -
554 3874 625 3956 δεῦρ’
648 3878 696 3941 oiri
718 3901 760 3935 =
784 3877 872 3956 μέχρι
900 3877 983 3941 τοῦδε
1006 3874 1139 3938 formula
1162 3881 1208 3936 est
1231 3872 1373 3958 Euripidi

289 3990 350 4054 fere
374 3991 504 4075 propria.
528 3989 574 4055 Of.
600 3990 667 4054 Hel.
694 3994 771 4066 761,
795 3990 910 4054 Plroen.
932 3992 1035 4065 1209,
1052 3987 1151 4052 Orest.
1173 3989 1275 4065 1663,
1290 3987 1372 4050 Med.

290 4104 373 4179 670,
398 4103 563 4187 Sophocles
588 4125 738 4187 nusquam
765 4111 921 4178 nauseet,
948 4101 1038 4165 semel
1057 4100 1226 4184 Aeschylus
1242 4099 1372 4163 Eumen.

290 4218 373 4291 596,
411 4216 502 4278 semel
540 4216 758 4299 Aristophanes
800 4216 861 4300 Lys
909 4219 1010 4290 1135,
1042 4215 1096 4297 qui
1126 4223 1228 4276 tamen
1259 4236 1302 4278 vs.
1337 4235 1372 4275 ex

289 4329 436 4414 Euripide
461 4339 582 4392 sumtus
606 4329 734 4394 videtur.
764 4330 788 4391 E
813 4329 1004 4414 pedestribus
1025 4328 1129 4406 solus,
1152 4326 1235 4410 quod
1258 4327 1371 4411 sciam,
1419 4340 1421 4344 ’
