3112 4914
295 388 358 450 190
707 405 961 452 connnncaaws.

292 599 400 670 οἰωνοὺς
424 600 484 664 ατὲ.
509 598 921 682 ριοφρυνιριυτύτυυςι
947 597 1020 663 Cur
1041 622 1122 677 nos,
1141 599 1375 685 quiquidem

293 716 444 778 ratione
469 714 637 797 praediti
662 715 794 792 simus,
819 717 987 779 rationis
1012 723 1376 800 expertesavesoum

292 829 462 893 videmus
487 829 587 895 alere
613 837 792 914 parentes
817 852 922 906 suos,
947 852 1021 893 non
1045 831 1205 893 facimus
1228 829 1349 894 idem?

338 946 412 1009 937.
444 942 497 1008 Vs.
529 966 566 1007 ex
600 945 650 1019 ll,
685 946 724 1007 13
757 944 862 1007 fictum
895 944 1020 1007 damnet
1051 945 1117 1028 ipsa
1140 944 1378 1028 stichomythiae

293 1059 387 1137 ratio,
416 1066 446 1121 et
469 1057 579 1121 falsum
605 1065 664 1134 est,
689 1064 725 1120 ut
748 1065 828 1121 recte
853 1057 1066 1122 animadvertit
1089 1057 1244 1135 Badham‚
1270 1056 1379 1122 Cecro-

293 1173 360 1256 piae
384 1172 468 1256 rupis
492 1193 601 1256 specus
625 1171 744 1235 Macros
768 1171 923 1256 appellari.

338 1288 413 1349 940.
438 1284 486 1348 Fr.
512 1287 585 1360 688,
611 1287 632 1346 4
656 1284 720 1363 πρὶν
744 1283 777 1359 ἐξ
800 1285 870 1362 ἐμοῦ
894 1309 936 1349 τοι
959 1283 1028 1348 ύῶπ’
1048 1286 1260 1359 ύπαντηται
1280 1285 1378 1361 atym

338 1402 414 1462 943.
447 1399 559 1483 Recepi
590 1397 668 1462 Lud.
700 1397 853 1462 Dindorfii
880 1399 1121 1462 emendationem
1147 1421 1201 1483 pro
1225 1397 1376 1481 φαίημεν,

294 1536 383 1598 quem
419 1513 545 1576 formam
582 1512 619 1576 ab
655 1513 782 1597 antiquo
818 1536 956 1577 sermone
991 1514 1119 1576 alienam
1153 1535 1217 1577 esse
1247 1520 1376 1576 constat.

292 1627 407 1691 Lenius
441 1627 562 1711 quidem
596 1626 697 1690 Heath
728 1627 819 1710 φαίην
849 1628 903 1705 μὲν
934 1626 989 1704 ύν,
1018 1628 1070 1690 sed
1094 1627 1288 1691 incommoda
1311 1649 1379 1711 par-

292 1742 387 1806 ticulc
435 1742 472 1806 ε’ν.

338 1768 434 1917 947.μ
449 1852 635 1916 Valckenaar
666 1852 704 1915 ad
728 1853 842 1918 Phoen.
867 1856 932 1916 856
957 1853 1077 1938 reponit
1100 1853 1246 1934 ’μύχύεις,
1272 1830 1379 1936 quam-

294 1990 383 2052 quam
409 1967 606 2052 praecedente
631 1966 723 2030 verbo
746 1968 892 2052 temporis
915 1969 1083 2052 praesentis
1104 1969 1174 2032 ferri
1194 1976 1295 2052 potest
1315 1968 1378 2031 vul·

292 2089 373 2164 gata.
398 2080 524 2146 Hnnrrr.
934 2058 936 2063 ³

339 2199 414 2259 950.
439 2194 575 2259 Observa
595 2193 877 2279 breviloquentiam.
908 2196 975 2259 Hoc
1000 2198 1079 2261 enim
1105 2197 1189 2260 vult:
1215 2220 1299 2281 puer,
1324 2194 1379 2260 ubi

212 2356 215 2361 »
293 2309 348 2385 sit,
374 2308 606 2392 investigandus
630 2316 691 2385 est,
716 2331 755 2372 ne
778 2310 909 2394 amplius
933 2309 1036 2374 liberis
1060 2317 1095 2374 tu
1120 2333 1227 2375 careas.

338 2424 412 2487 953.
443 2419 548 2488 Αἵδυυ
580 2422 605 2485 δ’
636 2424 672 2487 ἕν
704 2421 834 2500 δύαυις
865 2423 1113 2489 παιδεύεται.
1153 2422 1271 2488 Similia
1294 2421 1376 2506 apud

293 2537 424 2621 tragicos
456 2559 516 2599 non
550 2558 617 2599 rara
646 2544 736 2612 sunt,
768 2536 854 2600 velut
884 2536 955 2622 Iph.
987 2538 1024 2602 A.
1053 2539 1115 2601 461
1139 2535 1240 2611 Ἅιδης
1264 2561 1317 2613 νιν,
1342 2537 1378 2608 ὥς

293 2650 378 2724 ἔοικε,
395 2649 572 2729 νυμφεύσει,
590 2648 688 2714 Orest.
708 2652 791 2712 1109
809 2648 879 2731 ᾅδην
895 2652 1019 2731 νυμφίον
1034 2649 1211 2728 κεκτημένη,
1228 2649 1270 2713 ib.
1290 2651 1376 2714 1622

293 2772 324 2828 et
356 2766 459 2840 1534,
492 2763 585 2848 Soph.
618 2765 722 2846 Antig.
755 2768 838 2841 654,
870 2768 964 2828 1205.
1000 2764 1178 2828 Παιδεύεται
1216 2772 1262 2827 est
1292 2763 1379 2848 egit

292 2879 534 2963 pueritiam,
567 2885 603 2941 nt
633 2878 838 2958 παρθενεύεται
868 2877 936 2942 llel.
963 2881 1037 2942 290.
1073 2877 1209 2942 Badhem
1234 2877 1285 2941 eft.
1309 2876 1378 2960 Iph.

292 2992 326 3057 T.
350 2994 414 3054 206
438 2991 559 3070 στερρνδν
582 2992 727 3056 παιδείαν.

337 3107 412 3168 954.
437 3108 478 3170 ού
502 3106 576 3183 γαρ
599 3106 639 3180 δη
662 3142 706 3153 -
730 3128 786 3181 γε.
819 3105 920 3168 Huius
944 3105 1093 3169 formulae
1117 3104 1255 3190 exempla
1274 3105 1380 3188 legun·

291 3230 344 3310 tur
366 3218 460 3303 Soph.
486 3217 522 3284 Ο.
547 3219 582 3283 Ο.
609 3222 684 3305 265,
708 3219 789 3284 Phil.
809 3223 884 3297 240,
901 3220 997 3285 Elect.
1018 3222 1111 3284 1020.
1134 3218 1255 3284 Omissa
1272 3219 1379 3284 vocula

294 3334 327 3409 δη
361 3333 434 3398 Eur.
466 3333 559 3418 Hipp.
589 3336 662 3417 719,
687 3333 755 3417 Iph.
778 3332 936 3410 Τ..1049,
959 3332 1070 3396 Bacch.
1096 3335 1169 3409 501,
1194 3329 1277 3415 (lycl.
1303 3333 1378 3408 250,

292 3446 411 3511 Heracl.
441 3450 511 3522 151,
536 3450 611 3522 685,
637 3448 730 3521 1176,
749 3445 998 3522 111.517,1237.
1024 3444 1138 3508 llcnsc.
1152 3443 1189 3507 ad
1207 3441 1244 3508 Ο.
1257 3442 1291 3508 G.
1308 3445 1379 3508 110.

339 3563 412 3624 955.
436 3562 451 3624 ε’
460 3584 474 3623 ν
497 3558 623 3641 ὄρφνη.
647 3558 737 3623 Rhes.
757 3563 810 3636 69,
832 3562 905 3637 587,
925 3560 960 3624 δι’
977 3557 1080 3640 ὄρφνης
1101 3557 1191 3622 eres.
1211 3560 1285 3635 697,
1304 3558 1378 3633 774,

291 3674 337 3737 ἄν’
367 3673 474 3753 ύρφναν
505 3673 596 3737 Rhes.
631 3675 691 3751 42,
725 3677 792 3738 κατ’
822 3672 930 3756 ὄρφναν
954 3672 1044 3737 Rhes.
1069 3675 1144 3748 570,
1169 3673 1244 3748 678,
1268 3670 1378 3734 Trood.

294 3790 379 3852 1072
404 3825 449 3836 --
472 3789 597 3871 ύρφναία
628 3786 679 3862 νύξ
711 3786 765 3851 Or.
791 3790 887 3868 1225,
911 3786 1018 3872 Suppl.
1043 3790 1117 3850 994.
1152 3784 1324 3870 Aeschylus
1349 3790 1379 3848 et

292 3901 458 3987 Sophocles
495 3901 688 3966 substantivo
723 3924 783 3966 non
817 3908 967 3978 utuntur,
1000 3901 1184 3965 adiectivum
1212 3899 1264 3963 illc
1286 3897 1381 3963 habet

292 4016 402 4100 Agam.
428 4020 479 4080 21.

338 4133 411 4195 957.
436 4131 469 4194 τὸ
491 4130 641 4194 λανύύνειν
664 4127 796 4192 absurde
820 4127 934 4191 dicitur
957 4127 1120 4192 συνειδέναι.
1152 4125 1249 4190 Totus
1275 4147 1380 4190 versus

293 4251 338 4306 est
371 4243 582 4328 perobscuros.
619 4242 656 4306 In
688 4244 726 4306 αἱ
757 4240 959 4323 ξυμφοραί
988 4264 1034 4317 γε
1066 4241 1116 4303 vix
1147 4238 1274 4316 dubito,
1304 4239 1378 4321 quin

292 4357 386 4419 lateat
420 4356 529 4419 adiect.
564 4353 751 4436 ἀξύμφορος,
788 4354 839 4415 sed
877 4352 993 4435 reliqua
1028 4351 1200 4413 emendatio
1224 4349 1378 4413 incertior.
