3112 4914
269 382 330 446 106
681 401 935 448 oouunursruus.

264 594 324 679 giei
347 604 497 679 usurpant
520 597 669 679 τονρενοί,
695 619 757 680 qua
780 597 845 662 sola
864 598 963 662 utitur
979 597 1156 682 Sophocles.
1182 597 1353 682 Utramque

264 730 327 772 uno
359 731 446 772 versu
479 710 640 795 coniungit
664 717 767 775 noster
791 710 865 774 Hec.
890 713 973 774 410:
999 711 1149 790 rrcprrdr
1172 710 1352 790 προσβαλεῖν

263 826 434 905 τοορηίδν.

309 943 384 1005 243.
408 939 516 1017 οίννοί.
544 939 717 1024 Cognatum
738 942 921 1007 adiectivum
942 939 1026 1018 ίίγνος
1045 942 1197 1006 rarissime
1218 941 1256 1006 ab
1273 941 1352 1007 Atti·

262 1051 323 1129 cis,
348 1074 514 1137 numquam
539 1076 557 1117 a
580 1055 702 1138 tragicis
725 1055 864 1119 adhiberi
887 1056 1058 1119 observavit
1074 1055 1190 1119 Porson
1208 1056 1246 1118 ad
1263 1053 1348 1118 Med.

265 1167 338 1231 760.
361 1205 405 1217 -
428 1167 530 1246 οίννίο
551 1172 777 1251 χρηστήρια
800 1178 846 1234 est
870 1169 998 1256 pluralis
1022 1171 1176 1254 poeticus,
1201 1179 1237 1234 ut
1262 1191 1350 1254 saepe

261 1278 339 1352 νονοί,
363 1277 457 1356 δόμον,
481 1280 606 1364 ydrae,
630 1283 781 1362 με’λοιίροο,
806 1283 866 1346 alia
888 1283 920 1344 in
945 1283 1002 1345 hac
1023 1282 1091 1366 ipsa
1114 1279 1229 1344 fabula.

308 1393 383 1456 244.
415 1395 604 1473 μερίμνης
636 1397 691 1468 είς
722 1395 795 1461 τίδ’
819 1391 941 1470 ἦλθες.
978 1393 1025 1459 cf.
1051 1397 1133 1470 248,
1160 1397 1243 1468 404,
1270 1395 1348 1458 683.

262 1503 353 1589 Soph.
377 1504 414 1571 Ο,
438 1506 471 1572 0.
497 1510 559 1573 170
585 1516 636 1574 τοί
656 1534 700 1581 τις
723 1509 870 1591 φροντίδος
892 1507 976 1590 datm

308 1621 381 1683 246.
404 1619 514 1698 ίμμοο
536 1624 600 1687 σὸν
622 1624 857 1705 δακρυρροεῖ.
883 1622 928 1688 Of.
953 1623 1021 1687 Alo.
1043 1622 1256 1699 829.Ph0en.
1276 1623 1348 1685 873.

262 1729 385 1794 Praeter
414 1732 593 1818 Euripidem
618 1734 709 1800 verbo
732 1737 831 1801 utitur
854 1735 1029 1820 Sophocles.
1062 1735 1153 1798 Solus
1179 1734 1348 1818 Aeschylus

261 1842 344 1928 Sept.
371 1849 433 1910 918
459 1847 601 1913 adhibuit
626 1850 821 1914 Homericum
845 1848 932 1930 δοίνρν
954 1849 1041 1929 χέων.

311 1960 385 2023 360.
410 1965 553 2039 μνήμην
574 1964 740 2028 retarder
763 1963 1085 2044 attemperatum,
1103 1962 1121 2027 i.
1138 1985 1163 2026 e.
1185 1968 1348 2024 veterem

262 2081 470 2146 memoriam
489 2083 689 2159 renovavi,
707 2082 886 2166 repetivi,
904 2081 1025 2165 proprie
1040 2101 1236 2144 remensus
1252 2100 1349 2156 sum,

263 2203 364 2260 sumta
386 2196 562 2281 metaphora
586 2220 601 2259 a
627 2197 691 2274 via,
716 2218 806 2280 quam
831 2195 900 2280 quis
912 2195 1024 2258 iterum
1038 2193 1224 2277 permetitur.
1249 2191 1349 2254 Aliter

260 2310 340 2372 infra
368 2313 464 2384 1271,
491 2309 543 2373 ubi
567 2311 648 2374 vaiet
670 2309 914 2390 οἱνονλονίζεσίοον,
940 2308 1188 2386 rocennaco,
1211 2307 1349 2383 στοιίμοῖ-

260 2424 333 2489 σίον.
366 2421 412 2487 uf.
438 2422 485 2487 Ei.
509 2426 559 2489 52.
589 2423 820 2501 Emetiendi,
844 2425 866 2488 i.
884 2422 1179 2488 e.·reoensendi
1205 2419 1347 2506 (κντονλέ-

260 2539 351 2618 νενν),
377 2538 533 2601 notionem
557 2537 649 2601 habet
673 2536 774 2602 Orest.
800 2542 859 2616 143
890 2536 1164 2613 admetiendi,
1189 2537 1207 2601 i.
1232 2559 1257 2600 e.
1282 2535 1348 2599 tri·

261 2650 404 2714 buendi
428 2651 639 2735 (προσνέμειν),
665 2651 735 2736 Iph.
756 2651 790 2716 Τ.
815 2655 890 2715 346.

307 2764 381 2826 251.
415 2783 469 2847 pro
504 2762 598 2827 οίκον
629 2763 694 2826 sine
725 2784 817 2827 causa
845 2762 955 2826 idonea
985 2760 1096 2824 Nauck
1128 2768 1227 2824 tentat
1257 2761 1345 2825 ἐκεῖ.

261 2872 340 2936 Nam
365 2883 395 2936 et
417 2873 495 2937 illud
519 2897 613 2959 aeque
636 2888 719 2939 recte
742 2875 911 2959 opponitur
934 2875 1074 2958 sequenti
1096 2871 1194 2938 ἐνίοίδε
1211 2883 1241 2936 et
1258 2871 1343 2936 Euri·

261 2987 347 3071 pides
371 2986 470 3051 dicere
493 2987 570 3051 solet
593 2989 718 3052 ἐκεῖσε
741 2988 823 3068 ἔχειν
844 2987 894 3053 τὸν
918 2993 995 3070 νοῦν,
1020 3009 1081 3051 non
1105 2988 1172 3051 ἐκεῖ.
1197 2984 1243 3050 Of.
1268 2985 1346 3048 infra

261 3102 343 3175 370,
373 3100 488 3164 Phoen.
518 3104 581 3164 363
607 3108 637 3165 et
663 3105 757 3167 1428.
795 3101 887 3165 Haud
910 3124 958 3165 me
981 3101 1057 3164 latet
1080 3098 1146 3165 οίκον
1171 3122 1234 3162 non
1258 3119 1344 3163 secus

259 3224 351 3297 atque
382 3217 444 3279 ἐκεῖ
472 3223 579 3278 notare
610 3217 761 3299 quietem,
796 3237 900 3279 verum
933 3236 1006 3278 usus
1038 3221 1185 3297 tyrannus
1213 3220 1267 3276 est.
1306 3211 1344 3274 In

260 3336 393 3391 extremo
425 3349 514 3391 versu
537 3350 606 3392 cum
631 3329 699 3393 aliis
723 3329 822 3412 recepi
845 3327 961 3392 Dobrei
985 3327 1227 3393 emendationem
1251 3322 1345 3390 οὖσοί

259 3463 327 3518 τερ
352 3461 406 3523 pro
430 3463 513 3528 σου,
546 3439 692 3504 leniorem
722 3462 812 3523 quam
837 3439 869 3503 id
893 3438 976 3524 quod
1001 3438 1160 3523 proposuit
1183 3437 1348 3501 Kirohhoff

258 3550 326 3617 οὔτ’
350 3551 451 3630 ὅμως.

304 3671 378 3735 263.
410 3676 478 3735 τοί
503 3668 613 3742 δίκην
636 3668 854 3746 οίνοίσομενς
878 3689 955 3752 quo
979 3666 1202 3731 referemus
1226 3665 1344 3728 iusti·

196 3816 199 3820 ’
257 3779 376 3845 tiam?
397 3782 418 3845 i.
437 3804 462 3846 e.
486 3780 568 3865 quod
594 3781 781 3864 principium
800 3779 943 3844 Iustitiae
959 3779 1127 3842 faciemus?
1152 3777 1343 3861 Chrysippus

257 3916 305 3979 ap.
330 3894 410 3958 Plut.
434 3893 513 3957 Mor.
536 3917 564 3978 p.
591 3896 692 3956 1902:
716 3892 760 3956 δεῖ
781 3892 890 3965 τούτοις
914 3892 1046 3967 σννοίψομ
1071 3889 1134 3970 τερί
1154 3891 1274 3966 anatur
1291 3889 1341 3954 κοοί

256 4013 352 4072 κονκῶν
381 4009 484 4086 λόγον,
518 4009 568 4072 οὐκ
600 4007 685 4080 οὔσης
720 4006 816 4080 ἄλλος
850 4008 947 4086 οίρχῆς
979 4008 1074 4070 ονύτῶν
1105 4002 1251 4080 ἀμείνονος
1286 4005 1342 4069 οὐδ’

256 4125 469 4202 draconar.
502 4120 623 4184 Musas.
654 4119 701 4186 uf.
731 4120 811 4184 infra
835 4121 918 4196 643,
944 4121 1024 4196 827,
1048 4117 1161 4182 Bacch.
1187 4120 1246 4195 79,
1272 4117 1341 4202 Iph.

255 4237 291 4301 Τ.
317 4239 370 4312 33,
395 4238 479 4311 390,
504 4233 557 4300 Or.
583 4236 633 4299 76.

302 4354 378 4418 354.
402 4357 473 4416 τῶν
496 4348 759 4431 κροτούντων,
780 4349 801 4412 i.
823 4370 847 4412 e.
870 4346 1042 4411 deorum.
1067 4345 1135 4409 Alo.
1156 4349 1220 4410 362
1241 4348 1342 4413 λίσσον
