3112 4914
232 373 297 437 226
649 393 904 439 concursuros.

232 588 419 670 μόρσιμον
451 588 498 652 vel
528 587 729 665 πτθσιμνν
760 589 807 652 vel
832 587 965 671 denique
987 587 1211 665 κκαθσιμου
1234 585 1321 652 ἄταν.

231 701 278 767 cf.
301 701 392 767 Rhes.
417 704 480 766 636
505 705 660 782 μορσίμους
683 702 830 783 σφανθςς
856 702 966 766 Aescb.
990 700 1099 786 Suppl.
1122 704 1195 781 788,
1213 699 1321 785 ibique
1399 688 1402 694 ’

229 814 395 880 Oberdick.
432 816 502 880 Adi.
539 817 687 894 πτώσιμος
723 816 770 881 bis
804 839 878 880 usus
909 823 954 880 est
987 816 1166 900 Aeschylus.
1201 814 1316 878 Eadem

230 929 385 994 dubitatio
409 937 455 994 est
479 931 592 1014 Agant,
614 934 687 1007 118,
705 930 759 995 ubi
776 953 873 994 unum
893 908 929 994 ex
946 928 1044 994 tribus
1061 930 1144 993 bisce
1161 928 1321 993 adiectivis

230 1044 351 1126 requiro
375 1066 430 1128 pro
454 1045 655 1120 λευσίμου.

279 1159 361 1221 1241
382 1180 426 1241 sq.
449 1157 669 1237 τεθρίππων
693 1155 860 1222 ὧκίσταν
883 1158 1012 1237 χαλθιν
1035 1156 1180 1220 audacter
1200 1156 1318 1221 dietum

231 1292 286 1354 pro
316 1268 399 1351 ἅρμα
429 1269 598 1350 ἐζευγμένον
628 1271 782 1347 τέτταρσιν
814 1269 929 1348 θκέσιν,
966 1272 1029 1336 sine
1053 1271 1181 1347 ὠκείαις,
1210 1268 1318 1341 ἵπποις.

232 1384 347 1448 Phoen.
381 1387 444 1447 808
471 1375 682 1464 τετραβάμοσι
701 1392 839 1465 xanaiae.
874 1383 968 1470 Soph.
992 1384 1039 1449 111.
1064 1388 1126 1448 861
1151 1385 1321 1465 χαλθινυις

230 1499 259 1561 ἐν
283 1497 444 1581 ἁμίλλαις,
468 1497 524 1562 ubi
543 1498 645 1563 Schol.
660 1499 787 1580 χιιλθις
803 1498 833 1563 δὲ
848 1500 913 1564 αντὶ
928 1505 985 1564 τῶν
1001 1501 1121 1564 ὁπλῶν
1136 1498 1319 1580 παρέλαβεν.

279 1615 374 1678 1243.
405 1613 539 1693 πρύμνας
562 1613 610 1678 ἐπὶ
635 1619 709 1678 ναῶν
733 1639 775 1673 =
798 1613 846 1678 ἐπὶ
870 1614 948 1685 νεθς.
980 1613 1049 1698 Ipb.
1072 1615 1110 1678 A.
1137 1615 1222 1676 1319
1247 1618 1321 1677 ναῶν

231 1728 365 1808 πρύμναις
389 1725 534 1803 δέξασθαι.

279 1844 364 1905 1246
389 1863 455 1926 sqq.
487 1844 518 1907 σι’
546 1879 591 1893 -
620 1841 709 1919 μένει
730 1867 764 1906 σε
794 1843 905 1908 παθεῖν.
940 1841 1041 1907 Paene
1064 1849 1241 1908 constanter
1262 1842 1321 1905 hoc

236 1977 326 2019 sensu
357 1956 435 2033 μένει
466 1955 559 2021 babet
590 1957 816 2023 Accusativum.
847 1955 955 2021 Troad.
987 1959 1051 2021 431
1085 1959 1135 2022 οὐκ
1157 1953 1212 2021 olt'
1235 1955 1257 2021 ἅ
1280 1979 1320 2020 νιν

235 2069 313 2146 μένει
338 2071 448 2162 παθεῖν.
484 2068 531 2133 Of.
557 2069 650 2154 Hipp.
675 2073 757 2145 369,
787 2070 856 2156 lpb.
882 2073 918 2135 A.
947 2073 1041 2146 1518,
1068 2070 1141 2137 Her.
1167 2073 1218 2148 60,
1245 2072 1319 2145 276,

236 2183 275 2248 H.
302 2181 333 2246 l‘.
370 2188 464 2263 1152,
497 2182 549 2248 Or.
581 2184 677 2260 1659,
703 2183 793 2249 Rhea.
818 2187 893 2264 318,
917 2183 1024 2249 Troad.
1050 2187 1125 2262 245,
1152 2184 1219 2250 Hel.
1245 2188 1319 2260 808,

169 2277 171 2281 ¹
234 2298 343 2362 Aesch.
367 2297 469 2361 Prom.
495 2301 570 2377 605,
593 2298 686 2381 Soph.
711 2299 796 2363 Aiac.
817 2303 891 2364 641.
915 2298 1099 2363 Rarissimus
1115 2308 1160 2362 est
1177 2298 1318 2362 Dativus.

112 2493 114 2497 y
234 2412 345 2475 Aeseb.
378 2411 461 2478 Pers.
494 2413 556 2476 807
582 2408 616 2476 οὗ
637 2418 708 2491 σφιν
730 2417 825 2477 κακῶν
849 2410 950 2492 ὕψιστ’
973 2412 1263 2489 ε’παμμένειπαθεῑν
1280 2422 1320 2475 et

234 2527 306 2592 llus.
341 2527 377 2590 ir.
413 2527 475 2588 133
507 2532 567 2596 τοῖς
602 2529 692 2590 πῖισιν
726 2526 892 2606 ἀνθρώποισι
925 2527 1077 2591 κατθανεῖν
1107 2528 1197 2602 μένει.
1241 2525 1320 2590 Cum

161 2722 165 2729 ι
235 2641 375 2724 sequenti
407 2639 560 2703 sententia
591 2660 733 2724 compara
765 2641 872 2703 veteris
897 2647 1004 2724 poetae
1027 2641 1105 2723 (sive
1130 2639 1251 2705 Ennius
1275 2649 1320 2704 est

234 2757 298 2820 sive
321 2755 450 2840 Accius)
475 2754 565 2817 verba
587 2777 635 2838 ap.
659 2753 722 2820 Cic.
745 2753 836 2818 Taso.
861 2753 906 2832 ΙΙ,
932 2758 984 2830 17,
1009 2758 1068 2818 391
1093 2754 1174 2835 Qui
1198 2754 1320 2818 alteri

235 2870 409 2935 exitium
433 2878 567 2952 parat,
589 2867 594 2954 Ι
615 2891 699 2932 eum
722 2869 830 2932 scire
854 2876 1009 2952 oportet
1032 2867 1107 2932 sibi
1131 2875 1321 2952 paratum,

235 2991 387 3069 pestem
412 2992 454 3045 ut
478 2983 708 3068 participet
731 3004 875 3066 parem.
900 2980 945 3047 Of.
969 2982 1092 3048 Hesiod.
1116 2981 1175 3068 Op.
1194 2985 1256 3045 265
1275 3005 1320 3067 sq.

281 3099 376 3162 1247.
401 3095 515 3180 Scripsi
538 3090 583 3174 οἶμ’
607 3095 833 3175 ἐθέλουσαι,
864 3096 937 3179 quia
960 3096 1038 3160 hanc
1061 3096 1189 3160 formam
1213 3096 1322 3180 tragici

235 3211 384 3295 praeferre
408 3210 509 3274 solent
531 3211 562 3273 in
587 3210 758 3295 anapaestis
783 3210 889 3287 alteri,
922 3232 1000 3293 quae
1023 3200 1251 3294 iambis'magis
1276 3217 1322 3272 est
1399 3282 1402 3289 ¹

236 3347 368 3410 propna.

284 3442 377 3504 1259.
412 3438 654 3517 θανασίμους
691 3438 870 3519 σφαγάς.
919 3435 966 3500 Cf.
1004 3436 1078 3502 Hoc.
1112 3438 1194 3514 571,
1227 3435 1322 3520 Soph-

236 3552 273 3618 Ο.
297 3551 332 3617 R.
358 3555 432 3617 560.

283 3670 377 3730 1251.
402 3669 538 3750 (ψήφῳ)
563 3666 770 3745 κρατηθεῖσ’
795 3698 830 3720 --
857 3667 989 3741 ἁλοῦσα,
1014 3665 1034 3729 1.
1058 3687 1082 3728 e.
1108 3663 1291 3728 damnata.

279 3780 320 3845 ib.
344 3779 500 3851 ἔκδοτος
524 3780 560 3845 δὲ
584 3782 798 3858 γίγνομαι,
827 3781 893 3844 soil.
918 3780 956 3844 ab
980 3774 1171 3862 hospitibus,
1189 3777 1227 3842 ad
1244 3797 1321 3861 quos

235 3892 351 3957 (lreiisa
375 3902 444 3978 post
464 3893 653 3977 colloquium
670 3917 738 3959 oum
756 3895 931 3980 paedagogo
948 3915 979 3956 se
997 3891 1138 3956 contulit.
1162 3889 1209 3955 Of.
1227 3892 1322 3954 11139.

234 4005 317 4072 Hinc
348 4007 445 4091 igitur
477 4029 508 4069 se
540 4008 710 4093 proripiens
741 4009 847 4093 regina
870 4008 945 4070 haec
968 4004 1059 4070 verba
1083 4005 1203 4069 elamat.
1243 4002 1323 4067 Vide

235 4286 338 4320 uvarum
354 4269 428 4320 video
443 4285 483 4319 me
501 4269 618 4334 [iterum]
635 4271 668 4320 ad
680 4286 739 4320 saxa
750 4270 811 4320 ferri
823 4270 929 4320 saevis
941 4269 1086 4328 fluctibus,”
1098 4270 1234 4334 postquam
1245 4265 1322 4315 modo

234 4363 349 4412 dixerat:
369 4361 485 4412 nsaevis
502 4361 721 4428 tempestatibus.”
747 4361 835 4426 Longo
850 4362 951 4412 malim:
968 4360 1062 4411 salsis
1079 4357 1208 4409 fluctibus.
