3112 4914
652 397 905 442 connunraurus.
1259 383 1319 444 101

234 613 296 654 non
324 590 432 668 utitur,
458 590 511 654 sed
535 591 684 675 promisce
702 597 831 675 usurpat
848 591 971 672 αοργώφ
984 592 1045 669 (ul.
1060 595 1155 670 1257,
1173 589 1227 658 Or.
1244 595 1319 672 261,

234 702 275 767 H.
305 704 339 768 F.
375 707 451 788 131)
484 712 516 768 et
545 704 706 784 yopyurro'c.
741 704 884 793 „Utraque
907 707 1078 770 communis
1102 714 1166 783 est,
1191 707 1243 771 sed
1266 707 1321 771 illa

232 827 314 882 caret
345 825 464 884 neutro.
497 855 541 869 -
572 818 634 883 ἴτον
664 842 717 905 per
747 819 958 905 synecdochen
995 843 1050 905 pro
1084 820 1197 885 οὶοτ9α
1232 829 1321 905 poeta

233 932 311 1000 dixit
335 940 369 996 ut
393 932 504 997 Troad.
527 923 628 998 1197.
653 969 697 982 -
721 931 858 998 Observa
880 943 981 998 autem
1000 935 1236 1020 etymologicum
1256 958 1321 1000 ver-

232 1046 340 1111 borum
363 1048 468 1111 lusum
491 1048 522 1111 in
546 1046 721 1113 πάλλουσαν
743 1083 788 1096 -
810 1047 971 1114 Παλλάδα.

278 1164 462 1226 212-215.
496 1160 651 1241 Quarta
675 1163 822 1251 imago:
854 1161 998 1246 Juppiter
1020 1161 1149 1226 fulmine
1170 1163 1240 1227 ferit
1262 1163 1320 1226 Mi-

232 1284 373 1339 mantem.
397 1312 441 1325 -
464 1275 509 1338 Ut
532 1274 720 1338 Enceladum
740 1275 858 1351 Sicilia,
877 1276 920 1339 sic
937 1274 1088 1360 Prochyte
1104 1277 1206 1342 insula
1222 1279 1321 1343 vicina

231 1389 409 1454 Mimantcm
443 1396 544 1473 tegere
578 1387 767 1452 credebatur.
803 1387 848 1453 01.
873 1389 966 1453 Silius
990 1389 1119 1454 Italicus
1143 1390 1219 1470 XII,
1244 1397 1318 1458 147.

231 1503 363 1588 Insuper
385 1503 454 1568 ride
479 1503 586 1566 Horat.
611 1497 813 1579 Od.111,‘t,
840 1506 880 1566 53
901 1525 966 1588 sqq.
990 1511 1021 1566 et
1044 1505 1188 1588 Apollou.
1204 1507 1319 1592 Argon.

231 1617 293 1694 III,
322 1620 415 1683 1227.

277 1737 351 1799 213.
373 1735 609 1815 ἀμφίπυρον
633 1734 713 1817 apud
738 1733 819 1796 solos
843 1733 1119 1817 tragicoslegitur.
1147 1734 1231 1800 Infra
1255 1739 1318 1801 716
1390 1742 1393 1747 ’

230 1849 419 1930 ἀμφιπύρους
443 1847 553 1920 τεοκοὶς
563 1897 572 1926 ,
597 1847 691 1932 Hipp.
715 1850 776 1910 559
797 1848 906 1931 βροντᾷ
922 1850 1098 1930 οἰμφιτύρῳ,
1117 1849 1235 1914 Hecub.
1252 1851 1317 1916 473

230 1962 393 2045 ἀμφιτόμῳ
424 1965 566 2044 Φλογμῷ.
603 1961 649 2026 01.
680 1961 773 2045 Soph.
800 1963 885 2028 Aiac.
916 1965 1020 2040 1405,
1044 1963 1151 2028 Trach.
1178 1966 1251 2029 213.
1275 2001 1320 2013 -

230 2077 393 2157 ὄβριμον
418 2077 535 2160 epicum
562 2083 608 2139 est
632 2074 831 2150 vocabulum,
853 2097 920 2140 raro
940 2075 1021 2161 apud
1039 2077 1169 2161 tragicos
1186 2076 1319 2142 obvium.

232 2190 278 2256 01.
300 2190 353 2255 Or.
378 2194 481 2265 1454,
502 2190 610 2254 Aesch.
631 2191 686 2273 Ag.
708 2192 802 2266 1385,
821 2190 852 2252 iu
871 2190 996 2267 melicis,
1014 2200 1133 2274 praeter
1149 2190 1230 2274 Sept.
1246 2193 1319 2257 173.

231 2304 363 2369 Librarii
387 2326 544 2388 perperam
566 2302 709 2383 ἔμβριμος
734 2303 804 2367 dare
828 2303 972 2367 assolent.

277 2421 349 2482 214.
374 2418 604 2495 ἓκαβόλοιοι
629 2417 745 2480 correxi
770 2439 824 2502 pro
843 2417 1016 2494 ἑκηβόλοισι,
1035 2418 1084 2483 cll.
1102 2417 1217 2481 Phoeu.
1233 2422 1316 2481 1149

232 2540 261 2596 et
292 2531 385 2616 Soph.
416 2530 453 2594 Ο.
485 2529 520 2595 R.
554 2534 635 2606 162,
670 2529 724 2594 ubi
755 2532 899 2595 annotavi
931 2533 1061 2618 tragicos
1093 2531 1318 2598 abstinuisses

231 2648 335 2710 formis
367 2646 459 2730 epicis
491 2643 612 2720 ἕκατος,
645 2645 843 2722 ἑκατηβόλος,
872 2646 1091 2722 sesmarum
1116 2655 1146 2710 et
1169 2647 1317 2727 ἑκαεργός.

230 2759 345 2826 rarat.
390 2759 505 2845 „Apud
542 2758 710 2823 Homerum
743 2759 835 2834 δήιοςε
869 2761 975 2844 tragici
1008 2782 1077 2824 vero
1109 2769 1144 2824 ut
1175 2760 1257 2837 yae
1289 2769 1320 2825 et

231 2873 324 2949 οοὶιος,
358 2875 402 2938 ita
434 2896 556 2957 quoque
588 2871 664 2944 letrae
698 2875 900 2958 [constanter]
934 2874 1077 2937 dixerunt
1107 2874 1185 2958 (δαῖος
1210 2875 1317 2940 Aesch.

231 2989 314 3052 Pers.
347 2991 427 3065 271,
462 2991 541 3065 282,
572 2990 665 3070 286),
692 2988 1149 3068 11111111111101111οέδῇος
1174 2987 1317 3052 etverbo

229 3103 309 3184 >potr
334 3104 378 3186 [et
401 3101 591 3184 lyattnarc].''
616 3101 770 3165 Druuoar.
795 3105 855 3168 lenc.
879 3104 969 3188 Sapo.
993 3127 1016 3167 s.
1036 3127 1061 3167 v.
1085 3101 1318 3188 3111180911-

231 3215 290 3279 cles
313 3216 361 3281 Ai.
388 3217 451 3278 784
475 3215 634 3298 usurpavit
657 3215 733 3286 latior
759 3238 813 3298 pro
837 3216 953 3298 τοὶλοος,
983 3217 1103 3299 saepius
1128 3217 1315 3301 Aeschylus:

230 3330 311 3394 Pers.
337 3333 410 3405 282,
437 3332 512 3404 985,
538 3327 675 3413 Choeph.
699 3333 775 3406 429,
803 3352 902 3413 neque
924 3338 1026 3394 noster
1043 3353 1077 3393 ea
1094 3330 1317 3413 significatione

230 3466 354 3528 prorsus
378 3442 536 3507 abstinuit.
561 3441 607 3506 01.
632 3442 778 3506 Androm.
804 3447 877 3508 505.

276 3562 345 3621 215.
371 3557 651 3622 καταιθαλοῦο.
677 3555 722 3621 (tf.
748 3556 856 3642 Suppl.
883 3561 958 3633 640,
983 3557 1052 3622 Tro.
1077 3561 1130 3635 66,
1150 3558 1260 3622 Aesch.
1277 3557 1314 3622 fr.
1392 3628 1395 3633 J

233 3675 292 3737 167
320 3671 465 3756 (Herm).
497 3669 600 3734 Verbo
624 3670 755 3754 simplici
779 3669 941 3755 Euripides
967 3672 1066 3735 utitur
1089 3671 1137 3736 ltl.
1166 3674 1249 3735 1140
1258 3720 1267 3749 ,
1285 3679 1316 3736 11

229 3786 363 3864 essetne
387 3790 443 3862 πῦρ
466 3784 650 3848 αἰθαλόεν
675 3782 754 3846 dixit
776 3782 892 3847 Phoeu.
919 3786 998 3860 191,
1026 3783 1195 3867 Aeschylus
1212 3783 1313 3847 Prom.

231 3900 296 3959 994
320 3896 568 3960 αἰθαλοῦσσα
591 3892 681 3976 Φλόξ.

276 4011 461 4072 216-218.
495 4006 652 4087 Quinta
682 4008 830 4092 imago:
862 4007 1002 4071 Bacchus
1035 4007 1128 4071 alium
1159 4006 1313 4091 gigantem

230 4125 334 4208 thyrso
358 4122 510 4186 interficit.

275 4240 348 4301 216.
384 4235 507 4314 Βρόμιος.
543 4235 611 4299 Hoc
642 4235 755 4299 Bacchi
786 4257 913 4312 nomen,
943 4257 958 4298 a
983 4233 1140 4299 fremendo
1164 4233 1312 4310 ductum,

230 4355 348 4434 praeter
380 4347 522 4432 Aeschyl.
558 4347 646 4413 Eum.
679 4351 721 4412 24
752 4348 836 4413 solus
865 4347 1050 4431 tragicorum
1076 4357 1204 4431 usurpat
1226 4346 1316 4410 Euri·
