3112 4914
272 389 334 454 136
685 406 936 454 oouuauraarus.

273 603 338 668 οὔτε
353 602 449 683 λέκτρ’
464 601 486 666 ἀ
501 603 543 680 μὴ
554 601 647 679 θέμις,
660 603 663 686 Ι
677 601 807 682 στέργειν
819 601 932 683 νομίζω,
947 601 1042 678 δεσμοί
1054 600 1081 665 τ’
1094 600 1231 678 ἐξάστὲιν
1243 611 1339 682 χεροῖν
1353 602 1356 684 Ι

273 717 335 781 οὔτ’
358 714 467 792 ἠξίωσα
490 714 600 780 τώποτ’
625 715 690 780 οὔτε
712 716 866 791 τείσομαι,
887 715 892 804 Ι
913 713 968 780 οὐδ’
991 716 1081 779 ἀλλον
1101 713 1195 780 ἀλλον
1218 716 1360 791 δεσπότην

275 829 447 911 πεφυκέναι.
469 827 474 916 Ι
494 829 586 893 δεῖται
609 828 668 909 adp
691 830 704 892 6
728 829 805 901 θείς,
830 827 908 909 είτερ
928 827 989 893 ἔστ’
1006 830 1090 900 ὄντας
1107 828 1182 904 θεός,
1204 827 1209 916 Ι
1229 830 1355 902 οὐδενός·

273 944 410 1009 ἀοιδῶν
433 939 504 1008 cibe
528 943 709 1017 δύστηνοι
732 942 853 1020 λόγοι.
887 941 971 1007 Nota
987 952 1033 1006 est
1049 943 1086 1006 de
1103 942 1161 1005 hoc
1178 953 1359 1025 argumento

275 1058 426 1132 sententia
458 1057 595 1120 Platonis
627 1057 784 1142 divinique
817 1058 882 1120 eius
906 1057 1060 1140 magistri,
1085 1057 1171 1121 cuius
1195 1056 1359 1140 imaginem

276 1195 293 1234 a
317 1172 445 1255 posteris
470 1171 667 1234 deformatam
693 1170 853 1234 restituere
876 1168 1026 1233 laudabili
1046 1170 1150 1234 studio
1166 1177 1296 1234 conatus
1312 1177 1358 1232 est

276 1286 312 1349 Α.
337 1283 453 1347 Kuouu
481 1285 512 1346 iu
537 1282 614 1346 libro
638 1284 776 1347 Socrates
802 1286 864 1347 und
885 1285 1055 1367 Xenophon.
1094 1281 1158 1362 Qui
1182 1283 1227 1344 vir
1251 1282 1360 1346 doctus

275 1397 345 1481 plus
370 1419 440 1461 sane
465 1396 629 1472 effecisset,
656 1396 681 1458 si
705 1397 809 1480 paucis
833 1396 885 1460 sed
910 1394 998 1459 bonis
1021 1396 1208 1480 argumentis
1225 1397 1358 1459 confisus

275 1530 337 1572 non
369 1509 557 1592 confugisset
587 1508 625 1570 ad
648 1508 747 1584 mala,
772 1506 885 1591 quibus
909 1529 1015 1571 vereor
1037 1531 1075 1570 ne
1099 1529 1206 1571 causac
1232 1514 1263 1570 et
1287 1529 1361 1570 suae

277 1632 308 1687 et
330 1623 462 1686 Socratis
487 1622 573 1686 valde
597 1621 741 1686 offecerit.

322 1738 397 1798 459.
432 1735 531 1800 ὠδίνων
562 1738 680 1814 λοχιάν.
728 1734 844 1797 Similis
882 1731 1071 1797 abundantia
1106 1732 1217 1795 Bacch.
1255 1734 1295 1793 89
1332 1731 1367 1798 ἕν,

278 1848 376 1912 ὠδίνων
398 1848 516 1927 λοχίαις
544 1848 716 1924 ἀνάνκαισι.

293 2044 295 2048 .
323 1964 397 2024 453.
420 1961 699 2025 ἀνειλείθυιαν.
735 1958 917 2022 Lucinae
942 1965 1157 2041 expertem.
1181 1957 1360 2021 01536691

278 2076 509 2156 ἀνηφαίστῳ
532 2074 599 2152 τνρί
621 2075 674 2159 (au
699 2074 742 2137 sic
766 2094 889 2156 quoque
913 2072 1033 2156 scripsit
1057 2071 1149 2156 Soph.
1173 2071 1269 2135 Elect.
1287 2074 1362 2149 888,

278 2186 331 2250 ubi
355 2187 445 2251 hodie
469 2187 581 2271 legitur
604 2187 803 2266 ἀνηκέστῳ
826 2185 939 2269 ccccli).
967 2187 1016 2249 Ad
1042 2187 1204 2269 utriusque
1222 2185 1363 2250 vocabuli

278 2300 511 2364 similitudinem
549 2299 712 2384 Euripides
755 2306 967 2382 composuerat
1006 2301 1238 2375 ἀνίσμννοα,
1280 2298 1362 2383 quod

281 2413 409 2498 pulchra
440 2413 616 2477 coniectura
651 2413 786 2476 Badham
821 2413 852 2474 in
886 2412 1073 2496 praefatione
1091 2413 1247 2494 ‘editionis
1279 2412 1365 2496 Ipbi-

285 2527 391 2610 geniae
425 2525 571 2589 Tauricae
599 2547 665 2608 pag.
700 2527 740 2617 17
764 2524 838 2588 huic
861 2533 968 2608 poetae
992 2524 1127 2589 reddidit
1149 2525 1263 2590 Phoeu.
1289 2528 1362 2600 347,

279 2639 339 2725 ubi
362 2639 468 2704 codd:
492 2638 653 2715 ἀνυμέναια
677 2637 702 2701 δ’
719 2639 897 2714 Ἰσαννδς
913 2639 1045 2712 ἐκνδειίίν
1057 2637 1244 2719 λουτροφόρον
1255 2639 1364 2718 χλιδάς
1398 2688 1400 2693 .

283 2757 366 2835 (ante
400 2750 550 2815 Oobetum
580 2751 694 2814 Mnem.
728 2750 762 2826 Ι,
798 2753 901 2827 1873,
935 2744 1003 2834 pag.
1033 2754 1130 2836 386);
1154 2751 1191 2814 de
1215 2751 1365 2813 Genetivo

282 2867 411 2931 conferri
442 2865 549 2930 iubens
581 2863 760 2928 Elmsleium
794 2864 836 2927 ad*
857 2863 897 2927 Ο.
922 2863 957 2928 R.
984 2867 1044 2926 185
1070 2872 1101 2927 et
1129 2863 1365 2928 Valckenarium

281 2979 318 3044 ad
350 2979 464 3045 Phoen.
497 2981 570 3043 388.
593 3015 638 3026 -
660 2978 864 3043 ἀνειλείθυιαν·
896 2975 999 3041 ἀτοκον
1036 2977 1167 3060 Hesyob.
1193 2976 1240 3042 cf.
1264 2976 1364 3061 Etym.

283 3116 322 3158 m.
347 3115 375 3176 p.
401 3096 482 3168 998,
508 3091 607 3169 said,
631 3091 751 3167 bonan,
775 3090 852 3155 Poll.
876 3091 938 3167 ΙΙΙ,
956 3095 1006 3170 15,
1027 3091 1122 3156 Bell.
1136 3094 1194 3156 An.
1206 3091 1231 3163 Ι,
1250 3114 1277 3175 p.
1291 3092 1366 3174 396,

283 3206 426 3269 Eustath.
449 3206 481 3268 iu
505 3203 564 3268 Od.
590 3227 617 3288 p.
646 3208 738 3269 1861.
761 3204 960 3270 Kruounonr.

330 3322 404 3383 455.
427 3318 575 3396 Προμαθεῖ
594 3324 710 3382 Τιτάνι.
746 3316 793 3381 Of.
818 3318 932 3381 Phoen.
960 3321 1064 3393 1122,
1087 3317 1179 3400 Sopb.
1204 3316 1240 3382 Ο.
1258 3316 1291 3381 Ο.
1314 3319 1365 3379 56.

285 3432 428 3495 Nominis
462 3431 558 3496 Τιτάν
588 3433 702 3495 incerta
733 3433 828 3515 origo.
872 3407 1019 3496 Veterum
1054 3432 1213 3515 opiniones
1245 3432 1270 3494 si
1298 3433 1367 3515 quis

286 3548 362 3610 scire
393 3546 512 3630 cupiat,
547 3547 635 3608 adeat
658 3546 827 3609 Hesiodum
852 3536 967 3630 Theog.
993 3549 1075 3622 209,
1103 3545 1192 3609 Diod.
1215 3544 1272 3608 Sic.
1298 3545 1367 3622 ΙΙΙ,

177 3693 179 3697 ·
288 3662 327 3724 57
354 3669 381 3722 et
407 3658 445 3734 V,
473 3661 524 3734 66,
549 3657 630 3722 Serv.
652 3658 690 3720 ad
711 3661 786 3724 Aen.
806 3658 861 3734 VI,
881 3663 954 3723 510.
979 3659 1099 3723 Primus
1117 3658 1240 3722 Tit-anes
1258 3681 1369 3722 memo·

242 3789 245 3792 ·
286 3773 363 3836 ravit
386 3771 476 3835 Hom.
499 3771 538 3835 ll.
563 3770 649 3847 XIV,
675 3776 749 3836 979.
813 3809 815 3814 ,

334 3888 408 3950 457.
445 3890 631 3963 κορυφαῖς.
672 3883 864 3949 Vocabulum
898 3885 1041 3968 Euripidi
1076 3885 1194 3948 reddidi
1227 3884 1271 3947 El.
1304 3888 1368 3948 466

289 3996 414 4066 πεδίλοις
436 3995 610 4073 κορνΦάν
641 3995 773 4059 scribens
798 4018 852 4078 pro
876 3996 1027 4060 τεδίλοιτι
1049 3997 1168 4077 Φυάν,
1206 3999 1370 4080 Vecclcpen

289 4108 346 4184 IV,
375 4112 401 4182 1,
427 4131 455 4191 p.
474 4111 546 4172 191.
570 4107 745 4172 Secundum
762 4108 931 4172 Hesiodum
948 4108 1062 4191 Tbcog.
1081 4111 1146 4171 894
1162 4130 1226 4192 sqq.
1250 4108 1370 4192 Iupiter

289 4222 397 4298 filiam,
422 4244 514 4306 quam
538 4223 566 4285 ei
588 4223 682 4286 Metis
699 4223 812 4286 coniux
831 4223 950 4285 editura
969 4231 1049 4300 erat,
1067 4222 1185 4300 τρίσίεν
1205 4222 1371 4297 {lainedo-

289 4337 352 4399 ίετο
374 4334 465 4416 νηδύν,
490 4333 566 4412 ἀΦρα
588 4335 647 4398 xri.
676 4335 788 4416 Hymn.
818 4335 906 4397 llom.
932 4338 983 4407 98,
1009 4337 1029 4393 4
1053 4335 1104 4408 τὴν
1128 4333 1214 4401 αὐτὸς
1239 4334 1370 4409 ἐγείνατο
