3112 4914
291 365 334 427 94
706 381 961 428 couuauraurus.

336 577 372 640 In
396 600 455 641 vas.
481 582 544 643 174
561 601 606 663 sq.
632 579 855 642 constituendis
880 601 949 642 oum
974 576 1116 640 Nauckio
1142 578 1274 661 pressius
1290 599 1376 647 secu-

289 701 340 755 tus
371 713 438 755 sum
471 691 643 756 Palatinum
675 691 808 756 codicem
842 715 932 777 quam
967 692 1115 768 Dindorf,
1149 693 1202 776 qui
1232 715 1268 756 ex
1294 691 1373 755 Aldo

289 804 409 868 addidit
439 807 485 882 ε’ν,
510 806 593 888 quod
618 828 692 870 num
715 807 746 870 in
772 805 796 870 O
820 807 941 891 legatur
965 807 1115 895 incertum
1140 814 1194 869 est.
1239 780 1371 869 Badlram
1414 796 1418 802 ¹

289 925 370 982 recte
400 927 504 983 monet
534 920 625 985 verba
647 921 736 991 νοίοιος
756 921 883 998 ’Ίοθριον
906 921 984 985 banc
1007 920 1249 985 emendationem
1276 921 1373 1002 requi-

290 1056 363 1099 rere.
406 1032 479 1098 Non
510 1035 605 1120 magis
638 1035 791 1119 probarim
824 1035 971 1113 Dindorli¹
996 1036 1200 1098 coniecturam
1235 1057 1276 1097 vs.
1312 1036 1372 1097 175

289 1156 359 1212 aute
382 1149 548 1228 νοοιιδούργει
568 1149 714 1212 excidisse
730 1149 827 1213 τέκνω.
852 1149 952 1212 Movit
969 1151 1066 1213 virum
1084 1148 1272 1233 praeclarum
1290 1147 1373 1210 haud

220 1329 224 1336 ,
289 1261 381 1326 dubie
414 1263 503 1326 metri
535 1262 704 1339 discordia,
738 1285 817 1345 quae
850 1284 933 1326 nunc
958 1271 1056 1325 exstat
1079 1263 1159 1325 inter
1182 1263 1238 1324 bos
1263 1285 1319 1324 vss.
1344 1272 1372 1325 et

292 1377 353 1438 159
372 1397 415 1459 sq.
439 1374 499 1438 Sed
524 1375 570 1440 vel
594 1377 765 1440 accuratius
790 1374 849 1439 sibi
873 1375 1118 1460 respondebunt,
1144 1376 1168 1438 si
1193 1374 1236 1438 ibi
1253 1398 1371 1438 mecum

289 1490 494 1574 rescripseris:
519 1489 628 1570 μοίρφω
652 1494 679 1555 ω’
699 1487 731 1555 εὖ
749 1489 857 1572 τόἔοις,
882 1490 972 1561 Ζοινός
993 1488 998 1576 Ι
1019 1488 1129 1570 κᾶρυξ,
1151 1490 1258 1568 ὀρνίθων
1277 1513 1372 1565 γοιρ-

288 1611 378 1682 Φοιίς
398 1601 404 1691 Ι
424 1605 511 1684 ίοχὺν
535 1609 622 1669 νικῶν.
657 1604 716 1667 Pro
740 1596 909 1684 γκμφνλοιί
933 1604 988 1669 bac
1008 1604 1105 1667 forma
1122 1626 1197 1665 usus
1214 1611 1259 1666 cst
1275 1601 1370 1686 Lyco·

290 1717 366 1801 pbro
384 1717 503 1803 (152),
535 1740 625 1801 quem
651 1741 707 1780 sua
730 1740 747 1780 a
771 1718 894 1802 tragicis
918 1718 1052 1803 mutuari
1076 1717 1160 1779 baud
1185 1738 1250 1780 raro
1275 1716 1371 1778 solere

289 1840 398 1895 notum
422 1840 477 1894 est.
510 1830 591 1895 Cave
615 1854 670 1916 pro
693 1831 799 1912 ὀρνίθων
823 1833 927 1915 potius
950 1831 1086 1915 requiras
1102 1831 1215 1910 ὀρνέων,
1235 1853 1372 1914 pronun-

288 1945 427 2009 tiandum
459 1944 655 2021 δισυλλάβως.
699 1943 780 2008 Nam
803 1943 890 2025 ὀρνεον
914 1967 969 2028 pro
992 1943 1061 2024 θρνις
1085 1965 1191 2007 vereor
1215 1951 1251 2006 ut
1274 1966 1372 2007 scrmo

290 2058 422 2142 tragicus
446 2057 597 2122 admittat.

336 2173 408 2236 175.
441 2169 670 2252 ποιιδούργει,
704 2171 871 2235 ποιιδοονοίει.
911 2169 1046 2235 Verbum
1071 2170 1144 2234 alibi
1168 2194 1228 2234 non
1254 2178 1367 2244 exstat,

176 2361 177 2365 ρ
288 2284 340 2349 sed
365 2286 591 2350 substantivum
611 2287 785 2366 ποιδουργίιι
805 2285 920 2349 habent
938 2285 1104 2369 Sophocles
1124 2284 1160 2350 Ο.
1178 2285 1212 2349 R.
1237 2288 1319 2347 1248
1342 2297 1371 2347 et

289 2399 376 2462 Plato
399 2398 495 2484 chg.
521 2398 576 2476 VI,
594 2422 623 2483 p.
641 2399 714 2464 7751
737 2399 850 2463 Hiatus
867 2422 928 2463 non
945 2400 1088 2463 ferendus
1104 2406 1173 2482 post
1188 2397 1369 2475 ποιιδούργει,

287 2521 323 2576 nt
354 2512 431 2578 bene
462 2512 676 2577 animadvertit
706 2513 852 2578 Badham.
892 2512 994 2592 Quare
1029 2536 1065 2577 ex
1097 2515 1163 2576 eius
1195 2513 1371 2577 coniectura

287 2626 358 2690 dedi
381 2627 582 2692 Infinitivum.

337 2744 407 2806 177.
431 2740 517 2806 νοιοί
538 2739 561 2804 θ’
582 2741 612 2805 οί
638 2741 789 2818 Φοίβου.
819 2741 856 2804 In
882 2742 1016 2824 margine
1034 2742 1162 2825 apposui
1180 2739 1261 2824 quod
1280 2762 1370 2824 prop-

219 2922 226 2928 ,
287 2863 333 2918 ter
356 2857 535 2932 οίνοιθήριοιτοι
559 2877 621 2919 nou
645 2855 757 2919 iniuria
779 2854 866 2918 malit
890 2854 1089 2928 Heimsoetb‚
1117 2855 1200 2918 Isau.
1225 2854 1309 2917 Stud.
1332 2877 1370 2916 zu

286 2972 342 3033 deu
373 2971 491 3034 θννόοθ.
520 2972 608 3052 Troy.
633 2991 699 3053 pag.
728 2972 806 3045 188,
824 2969 876 3032 ubi
895 2969 1038 3052 exemplis
1056 2962 1254 3032 benemultis
1271 2975 1370 3030 ostcu·

285 3082 330 3146 dit
354 3083 419 3155 νοοός
435 3082 578 3166 frequens
595 3104 659 3145 esse
679 3082 915 3167 Byzantinorum
934 3083 1085 3167 glossema
1101 3081 1241 3145 vocabuli
1257 3081 1366 3158 βωριθς.

285 3196 360 3260 Post
385 3197 473 3260 metri
496 3196 644 3260 rationem
670 3196 857 3260 emendatam
883 3195 1078 3259 aDindorfio
1095 3195 1213 3259 inutilis
1230 3203 1275 3257 est
1292 3195 1368 3257 eius·

284 3309 353 3374 dem
380 3311 555 3375 coniectura
576 3334 610 3374 οε
632 3311 693 3374 θεοῦ
717 3333 770 3395 pro
793 3309 816 3374 θ’
840 3312 864 3374 οἱ
888 3310 1001 3388 Φοίβου.

332 3427 405 3488 181.
428 3420 482 3497 οἷς
510 3461 553 3473 --
576 3424 740 3503 μόχθοις
763 3461 808 3472 -
830 3424 1025 3489 δουλεύσω
1045 3414 1159 3487 dictum
1176 3422 1296 3486 videtur
1312 3443 1366 3505 pro

282 3538 348 3608 τοὺς
373 3537 500 3617 μόχθους
523 3531 562 3609 οἷς
590 3537 726 3614 ἔγκειμαι
754 3537 849 3618 Φοίβιρ
872 3537 1022 3617 δουλεύσω.
1051 3536 1182 3600 Verbum
1208 3536 1289 3598 enim
1305 3536 1367 3598 δου-

282 3651 379 3715 λεύειν
405 3650 509 3735 procul
534 3649 630 3714 dubio
654 3651 739 3735 iungi
764 3659 865 3735 potest
882 3674 951 3715 cum
967 3650 1150 3715 Accusativo
1167 3646 1366 3723 substantivi,

283 3765 334 3828 cui
359 3765 437 3839 iusitd
457 3764 543 3827 notio
567 3772 694 3847 cognata
717 3786 785 3827 cum
803 3764 918 3829 verbali
932 3763 1121 3828 substantivo
1137 3761 1260 3826 δουλεύοι.
1284 3759 1365 3824 Gon-

282 3878 481 3942 structionem
520 3874 647 3940 habebis
688 3876 815 3940 similem
856 3877 921 3940 eius
959 3899 1019 3960 qua
1058 3875 1222 3960 Euripides
1267 3874 1365 3937 utitur

283 3991 391 4056 Helen.
423 3994 486 4055 930
520 3985 588 4055 οἷσιν
619 3988 755 4067 ἔγκειμοίι
786 3997 885 4062 κοινοῖς
914 3995 997 4071 ῥύοοιι
1029 4012 1083 4075 pro
1114 3996 1169 4054 τῶν
1199 3994 1294 4053 κοινῶν
1323 3983 1362 4058 οἷς

281 4106 417 4183 ἔγκειριοιι
440 4110 533 4186 ρύοοιι.
559 4102 623 4186 (Ad
643 4103 779 4180 ἔγκειμοιι
800 4103 925 4187 insuper
941 4103 978 4168 cl.
994 4102 1070 4168 ibid.
1089 4105 1171 4179 alc,
1190 4102 1285 4166 Andr.
1303 4105 1360 4176 91,

281 4219 349 4303 Ipb.
379 4219 413 4283 T.
451 4220 539 4303 144.)
571 4217 684 4290 Maluit
707 4226 808 4281 tamen
842 4216 1015 4301 Sophocles.
1041 4216 1078 4280 O.
1104 4216 1137 4282 0.
1165 4220 1224 4280 105
1251 4216 1361 4278 Dativo

282 4333 329 4400 uti
351 4333 485 4397 scribens
508 4332 554 4395 οίεί
581 4329 732 4411 ροόχθοις
755 4330 903 4411 λοιτρεύων
918 4337 993 4403 τοῖς
1010 4329 1225 4410 ὑπερτοίτοις
1242 4330 1359 4410 βροτῶν.
