3112 4914
230 392 297 456 230
649 410 904 455 conmonuemus.

278 605 372 666 1283.
397 603 482 684 ὑπὲρ
505 604 686 680 ἐμαυτοῦ,
712 624 789 666 meo
813 602 973 668 nomine.
998 602 1158 668 Donamus,

281 720 375 781 1286.
401 717 513 782 Nauck
538 718 636 782 edidit
659 716 741 801 κᾷτ’
765 716 928 790 ἔκτανες
952 717 1008 782 σὺ.
1040 716 1100 781 Sed
1117 717 1153 780 ci.
1171 717 1209 782 ad
1228 721 1315 780 1291

278 835 374 897 1288.
400 831 524 897 Correxi
554 834 638 897 seua.
662 834 737 898 Crat.
760 855 829 917 pag.
855 833 915 896 35:
947 832 1021 895 Sed
1046 831 1198 895 luimus
1220 840 1313 896 ante

234 945 437 1030 (Apollinis),
472 948 776 1030 possessionem
814 946 906 1009 volo
941 950 1018 1028 (non
1052 945 1176 1030 filium).
1212 945 1327 1009 Fuerat

233 1060 322 1123 emim
347 1059 510 1139 ἱερόδουλος.
544 1061 655 1125 Postea
678 1061 742 1125 vidi
765 1062 822 1125 iam
849 1061 1017 1125 Heathium
1043 1060 1148 1124 eadem
1173 1061 1326 1125 sententia

233 1175 425 1258 proposuisse
455 1174 489 1238 τὸ
519 1155 637 1254 νοοέτρος.
681 1174 739 1238 Sed
773 1159 962 1259 probabilius
986 1184 1060 1258 puto
1085 1173 1153 1254 πρός
1180 1173 1324 1238 habitum

231 1309 295 1351 esse
324 1308 378 1371 pro
403 1296 477 1351 noto
501 1288 682 1372 compendio
706 1287 891 1352 substantivi
915 1287 1046 1369 πατρός,
1072 1309 1134 1371 quo
1158 1289 1239 1351 facto
1263 1287 1324 1370 syl·

233 1399 331 1464 labam
356 1401 401 1464 θον
424 1410 551 1485 cogente
575 1409 671 1466 metro
696 1401 842 1466 exulasse.
869 1401 971 1465 Multo
995 1402 1097 1467 minus
1118 1401 1219 1486 placet
1239 1400 1324 1484 quod
1424 1481 1427 1486 Ι

234 1537 331 1598 nuper
362 1517 504 1581 chec'm.
530 1539 596 1601 pag.
622 1519 685 1579 240
703 1539 749 1600 sq.
771 1517 931 1601 proposuit
951 1515 1050 1580 Kock.
1070 1516 1141 1580 αλλ’
1159 1513 1196 1580 οὖ
1213 1516 1324 1593 ’γενό-

235 1629 336 1706 μεθα
366 1631 510 1706 πατέρα
540 1629 687 1706 Λοξίαν
718 1630 816 1707 λέγω,
850 1652 927 1714 quae
958 1631 1036 1693 ratio
1065 1640 1096 1694 et
1119 1631 1253 1694 violenta
1277 1637 1325 1693 est

235 1750 265 1805 et
288 1741 428 1806 obscura.

285 1858 382 1919 1290.
407 1855 516 1932 rotule
539 1893 583 1905 -
607 1856 773 1934 εὐσεβῆ,
798 1857 817 1920 i.
834 1879 860 1921 e.
883 1859 940 1933 ἐγὼ
963 1857 1098 1933 εὐσεβής.

284 1971 378 2032 1291.
403 1969 516 2033 ἔκτεινα
540 1970 578 2034 ο).
603 1968 648 2034 Of.
676 1972 770 2034 1500.
800 1969 907 2055 Longe
931 1971 1122 2054 frequentius
1148 1971 1206 2034 hoc
1230 1993 1323 2034 sensu

235 2086 280 2168 (in
306 2085 506 2169 significando
531 2087 658 2170 conatu)
690 2095 734 2148 est
763 2086 1129 2170 tempus‘imperfeotum.
1180 2085 1240 2150 Hic
1264 2108 1325 2149 ser·

236 2201 335 2265 monis
368 2223 460 2277 usus,
493 2222 553 2285 quo
584 2223 632 2263 res
663 2208 824 2265 tentata
856 2201 981 2284 ponitur
1004 2222 1058 2285 pro
1082 2223 1113 2264 re
1134 2204 1322 2284 peracta,

237 2314 353 2378 Teucro
388 2314 576 2377 occasionem
608 2312 737 2404 praebet
771 2313 919 2377 irridendi
953 2313 1128 2377 Menelaum
1164 2313 1196 2376 in
1228 2313 1325 2377 altera

237 2428 340 2491 Aiacis
375 2427 541 2511 Sophocles
584 2437 669 2512 parte
710 2430 767 2510 (vs.
807 2431 925 2510 1127),
967 2450 1057 2511 quam
1097 2435 1217 2511 poetam
1253 2436 1324 2511 post

237 2543 366 2626 priorem
401 2543 584 2626 (1-1039)
616 2541 769 2605 addidisse
801 2542 924 2605 nollem.
969 2541 1063 2605 Recte
1093 2549 1196 2604 tamen
1227 2539 1264 2603 de
1289 2563 1325 2603 ea

235 2656 353 2719 iudicat
378 2654 512 2718 Dindorf
532 2656 564 2718 in
588 2654 634 2720 ed.
658 2654 758 2719 Onon.
784 2657 902 2740 (1860)
927 2678 955 2740 p.
983 2656 1032 2719 12.

282 2773 379 2833 1294.
403 2777 559 2852 πανοῖς,
584 2769 729 2834 taedis.
760 2769 808 2834 Fr.
833 2773 873 2832 91
900 2768 982 2833 πόθεν
1005 2768 1034 2832 δὲ
1056 2768 1189 2842 πεύκης
1212 2767 1325 2832 πανὸν

235 2882 348 2965 ἐξηῦρες
382 2884 503 2966 λαβών,
539 2882 676 2947 Eandem
711 2883 852 2949 vocabuli
883 2884 1010 2947 formam
1035 2906 1051 2946 e
1074 2883 1224 2967 Sophocle
1249 2885 1324 2947 citat

236 2998 367 3061 Photius
390 2999 421 3060 in
447 3020 518 3061 voce
542 2997 671 3062 πανόν.
696 2997 832 3061 Eandem
859 2997 951 3061 habet
975 2997 1146 3082 Aeschylus
1171 2998 1229 3080 Ag.
1249 2999 1323 3073 284,

239 3111 293 3175 ubi
317 3113 385 3188 vide
409 3112 583 3176 Blomfieldi
607 3113 799 3197 glossarium.
828 3112 909 3197 Ergo
927 3112 1004 3176 hanc
1022 3112 1191 3196 probarunt
1207 3112 1325 3194 tragici.

238 3227 330 3310 Apud
362 3226 498 3309 reliquos
531 3230 692 3311 scriptores
725 3227 815 3291 modo
850 3228 942 3304 haec,
978 3224 1069 3290 modo
1103 3226 1197 3290 altera
1228 3226 1325 3288 forma

240 3339 332 3421 Φανός
367 3347 510 3424 apparet,
539 3362 617 3422 quae
647 3340 775 3403 fortasse
804 3340 900 3424 magis
925 3339 1058 3423 pertinet
1082 3339 1119 3401 ad
1144 3338 1222 3401 vitae
1246 3359 1325 3401 oom-

241 3453 342 3516 munis
367 3475 466 3516 usum.
497 3451 542 3517 Of.
566 3453 709 3534 Φνδοέκνν,
733 3451 927 3534 ἀσφάραγος,
944 3452 1069 3534 λοοφάς,
1087 3452 1242 3531 σφόνγος,
1258 3450 1326 3538 alia.

241 3564 373 3629 Lobeok.
398 3565 509 3650 Phryn.
534 3589 562 3649 p.
588 3569 660 3629 113.
696 3565 754 3629 Pro
776 3565 877 3647 φατον
902 3564 1040 3628 Lacones
1057 3564 1200 3628 dicebant
1216 3561 1326 3628 πατνα.

243 3678 435 3742 Recentiores
472 3679 581 3742 Graeci
615 3678 711 3744 subst.
746 3679 840 3759 φανός
872 3679 921 3742 usi
950 3687 1023 3742 sunt
1055 3700 1109 3763 pro
1140 3684 1326 3761 λυχνοῦχος,

241 3793 262 3856 i.
287 3815 310 3856 e.
335 3791 504 3857 laterna.

51 3922 56 3931 ·
170 3954 173 3959 .
288 3908 383 3970 1300.
406 3903 536 3982 μέλλειν.
572 3905 688 3989 Supple
711 3907 794 3970 οἰκεῖν
816 3907 857 3972 τοὶ
880 3905 921 3970 ool
944 3928 960 3970 e
984 3929 1025 3971 vs.
1049 3928 1235 3991 praegresso.

290 4021 387 4082 1301.
412 4020 459 4096 μὴ
482 4018 634 4096 μέλλον.
665 4018 697 4082 Si
721 4041 793 4083 sana
816 4027 862 4083 est
885 4020 1050 4103 scriptura,
1076 4020 1127 4082 hic
1146 4019 1266 4098 μέλλειν
1282 4029 1329 4084 est

245 4133 393 4207 morari,
419 4133 522 4214 itaque
539 4132 596 4195 hoc
613 4132 690 4196 dicit
709 4132 838 4197 Oreiisa:
855 4141 885 4196 te
901 4134 1070 4197 interficere
1088 4133 1172 4196 volui
1188 4141 1327 4197 metuens

243 4267 282 4308 ne
313 4246 379 4328 ipsa
410 4254 463 4309 tua
494 4268 586 4310 manu
610 4245 764 4323 caderem,
792 4247 818 4310 si
842 4256 876 4310 tu
900 4247 977 4311 forte
1001 4247 1090 4310 sine
1115 4269 1221 4311 mora
1245 4269 1328 4330 age·

243 4380 323 4438 res,
346 4359 367 4423 i.
385 4382 407 4423 e.
434 4360 538 4423 statim
561 4360 598 4444 de
622 4383 688 4424 mea
711 4383 785 4424 nece
808 4360 935 4424 consilia
958 4361 1097 4444 agitares.
1124 4360 1272 4425 Similiter
1295 4361 1326 4425 in
