3112 4914
233 378 296 441 248
426 374 429 379 ’
555 455 556 459 ¹
676 395 929 443 concurramus.

229 590 343 676 quibus
375 591 596 655 mutationibus
627 591 853 677 corruptissimi
884 592 943 655 loci
967 592 1094 657 vulnera
1118 581 1324 680 obteguntun

230 727 291 777 non
314 707 472 798 sanantur.
513 704 638 791 Optime
661 728 733 770 saue
756 705 795 770 ab
819 706 874 770 illo
898 714 928 770 et
953 707 1022 772 aliis
1046 716 1167 793 recepta
1191 716 1237 772 est
1262 724 1327 773 cer*

230 819 348 892 tissima
372 818 495 884 caneri
519 820 693 884 emendatio
715 829 1093 892 ounflrecnrrnnflc
1117 845 1174 907 pro
1194 816 1327 888 onem-

229 942 509 1010 ΤΘΟΑΡΓΑΔΗΟ,
537 933 590 996 sed
615 955 714 1017 neque
738 933 865 1014 δεύτερος
889 932 967 997 bene
984 933 1116 999 Cantero
1133 935 1165 998 in
1182 934 1321 1015 δεύτερον,

232 1047 277 1111 vel
302 1047 339 1111 ab
353 1046 528 1133 Hartungo
553 1046 585 1113 in
609 1046 730 1128 δεύτεροι
755 1054 907 1112 mutatum
932 1056 995 1125 est,
1021 1069 1121 1132 neque
1145 1049 1323 1113 coniectura

231 1160 401 1228 Kirchboffi
436 1161 576 1225 voculam
612 1162 636 1225 δ’
667 1161 830 1226 inserentis
867 1163 907 1245 (τ’
936 1162 1105 1226 inseruerat
1138 1161 1266 1245 (lenter)
1291 1168 1326 1226 et

231 1277 400 1346 Hermanni
424 1269 613 1341 correctione
635 1272 664 1340 ἓν
688 1280 784 1356 φῦλον
808 1297 863 1361 pro
887 1274 1020 1357 ἔμφυλον
1040 1275 1126 1339 locus
1142 1275 1319 1352 restituitur

231 1392 263 1456 in
295 1391 458 1474 integrum.
503 1387 562 1452 Fac
594 1388 673 1452 enim
704 1393 799 1469 φῦλον
830 1394 912 1452 reete
943 1388 1004 1452 dici
1034 1389 1133 1470 φυλήν
1148 1423 1150 1426 <
1166 1389 1300 1454 Atticam
1311 1424 1321 1467 ‚-

156 1583 158 1585 ¹
235 1505 470 1589 Aegicorenses‚
491 1501 607 1567 tribum
626 1503 787 1579 facientes,
809 1501 864 1588 qui
880 1502 940 1567 dici
954 1502 1072 1587 possint
1089 1502 1242 1568 tribum
1260 1503 1327 1567 ha-

232 1620 340 1695 bere,
362 1626 522 1693 tenere,
545 1638 761 1701 occupare,
782 1637 847 1681 nou
862 1615 967 1692 video,
987 1626 1022 1680 ut
1036 1626 1150 1681 taceam
1168 1617 1243 1682 mira
1259 1616 1328 1683 bre·

233 1731 422 1815 viloquentia
453 1731 526 1805 εἀἥς
557 1729 613 1794 ἀπ’
644 1730 755 1807 αἰγίδος
789 1729 908 1794 dictum
937 1753 1002 1794 esse
1026 1731 1138 1794 omisso
1164 1731 1327 1816 participio

235 1845 319 1911 verbi
344 1844 491 1925 vocandi3
516 1866 609 1928 quare
632 1867 670 1907 ne
694 1842 806 1907 addere
830 1844 954 1928 quidem
979 1866 1073 1908 ausus
1098 1868 1165 1909 sum
1186 1844 1325 1911 voculam

235 1962 281 2039 δέ,
297 1961 447 2046 siquidem
461 1961 525 2024 fieri
539 1967 653 2046 potest,
668 1966 703 2023 ut
716 1967 787 2044 post
797 1959 945 2040 Ἀργαδῆς
956 1961 985 2026 r’
998 1960 1148 2044 quaedam
1162 1960 1324 2046 perierint,

235 2055 491 2162 quemadmodum
525 2095 586 2138 non
619 2072 729 2138 dubito
761 2072 951 2139 subscribere
979 2075 1148 2139 sententiae
1172 2074 1324 2138 Badhami

237 2200 268 2256 et
301 2189 435 2255 Nauelrii
466 2188 657 2253 intercidisse
688 2187 851 2262 nonnulla,
869 2189 1046 2273 putantium
1083 2195 1154 2272 post
1187 2187 1331 2266 δεύτερος.

240 2308 370 2371 Prorsus
401 2303 480 2367 nibil
505 2303 555 2366 hic
578 2302 676 2368 video.
712 2301 815 2381 Quare
838 2301 977 2366 abstineo
1002 2324 1119 2367 manus.
1151 2296 1263 2367 Γελέων
1286 2299 1326 2364 de

233 2440 322 2483 more
353 2439 371 2480 a
401 2414 533 2480 librariis
564 2425 743 2500 corruptum
767 2415 799 2483 iu
823 2415 939 2480 Τελέονν
963 2415 1099 2480 restituit
1124 2415 1245 2479 Oanter.
1277 2413 1326 2478 ux
1385 2397 1388 2402 .
1435 2455 1438 2459 -

238 2532 333 2600 Τοῖα
363 2529 563 2615 inscriptione
592 2552 639 2614 ap.
662 2529 836 2595 Boethium
861 2528 896 2595 Ο.
920 2529 946 2594 Ι.
972 2533 1060 2595 3078
1085 2537 1228 2614 apparet,
1255 2550 1326 2593 ean·

238 2646 307 2710 dem
338 2644 453 2708 tribum
476 2643 571 2708 fuisse
595 2643 678 2728 apud
701 2642 781 2709 illos.
816 2642 933 2708 Ceteris
957 2643 1088 2708 Ionibus
1110 2656 1187 2726 quot
1214 2645 1328 2728 quaeve

239 2759 337 2824 tribus
360 2758 495 2834 fuerint,
520 2758 706 2843 ignoramus.

285 2875 380 2937 1583.
403 2872 501 2938 Thoe.
526 2872 543 2936 I
567 2873 606 2956 [c.
629 2873 684 2956 la]
702 2873 751 2937 καί
770 2872 874 2943 Ἴωνας
889 2873 943 2948 μὲν
962 2871 1106 2948 Ἀίνρναίον
1123 2872 1172 2937 καὶ
1186 2877 1328 2946 νησιωτῶν
1388 2942 1395 2953 ,

238 2989 304 3060 τοὺς
328 2987 454 3059 πολλοὺς
469 2984 592 3069 ᾤκισαν.
623 2986 759 3050 Bessus.
795 2985 841 3050 Of.
864 2985 904 3050 ib.
928 3009 993 3070 cap.
1019 2991 1037 3049 t
1063 2994 1137 3051 extr.

288 3102 382 3167 1584.
409 3099 507 3166 Strab.
531 3099 613 3165 VIII
638 3122 665 3184 p.
691 3101 773 3164 383:
797 3099 915 3164 ἔκποσαν
939 3100 968 3165 δὲ
991 3100 1099 3165 δώδεκα
1123 3077 1222 3172 πόλεος
1246 3101 1275 3164 ἕν
1290 3108 1328 3180 τῇ

240 3214 374 3298 παραλία
395 3223 448 3289 τῆς
472 3214 582 3294 Καρίας
605 3217 655 3277 καὶ
674 3221 728 3288 σῆς
749 3213 871 3290 Λυδίας,
893 3215 933 3287 είς
950 3220 1084 3280 ποσαῦπα
1103 3215 1175 3295 ροέρν
1187 3213 1328 3285 διελόντες

240 3333 341 3411 σφοῖς,
366 3325 421 3394 ὅσα
444 3328 493 3393 καί
517 3331 546 3394 ἐν
568 3338 605 3410 τῇ
629 3328 836 3409 Πελοποννήσῳ
858 3335 1009 3413 καπεῑχον.
1047 3328 1140 3394 lnam.
1187 3371 1190 3379 ,

291 3446 385 3506 1585.
417 3442 624 3529 Intelligenda
648 3450 695 3506 est
717 3465 771 3506 ora
793 3452 924 3528 utraque
948 3442 1152 3527 Hellesponti.
1184 3441 1330 3505 Similiter

241 3557 423 3638 ἀντίπορθμα
445 3557 476 3621 in
502 3557 648 3641 Meleagri
672 3556 709 3621 fr.
736 3561 764 3621 1.
803 3556 884 3621 Nam
908 3558 939 3620 in
965 3566 1097 3642 utraque
1117 3578 1169 3620 ora
1192 3555 1330 3621 coloniae

241 3671 447 3736 consederunt
476 3669 604 3747 Ionum,
642 3693 720 3756 quae
756 3670 925 3747 Elaeunte,
957 3669 1161 3756 Lampsacum
1193 3669 1330 3752 aliasque

241 3784 333 3850 urbes
357 3775 573 3848 condiderunt.
598 3782 772 3848 Hraunrm.
838 3758 843 3764 ⁸
1023 3823 1043 3854 μ
1213 3787 1233 3829 ’-

290 3901 385 3963 1590.
418 3897 465 3961 De
487 3897 581 3970 ¹Doro
614 3895 682 3960 vide
715 3894 813 3960 Strab.
840 3895 929 3973 VIIl,
955 3919 984 3980 p.
1008 3898 1072 3959 383
1097 3891 1134 3960 ὧν
1159 3900 1253 3975 Δῶρος
1276 3896 1330 3972 μὲν

241 4016 308 4086 τοὺς
342 4012 405 4093 περί
440 4014 592 4094 Παρνασὸν
624 4011 750 4092 Δωριέας
781 4013 944 4081 συνοικίσας
975 4012 1134 4075 κατέλιπεν
1160 4008 1327 4088 ἐπωνύμους

243 4130 341 4194 αὑτοῦ.
373 4125 497 4192 Musca.
521 4126 618 4193 Thac.
643 4126 670 4203 I,
700 4129 757 4191 107
785 4132 912 4207 Δωροοῖς,
941 4127 993 4200 τὴν
1017 4125 1253 4203 Λακεδαιμονίαν
1274 4149 1330 4202 ρον-
1401 4171 1403 4175 -

221 4242 392 4329 πρόπολον,
421 4242 498 4330 asra
521 4241 570 4309 uei
594 4241 722 4306 Κνπίνοον
745 4239 795 4304 καί
819 4240 951 4321 Ἐρινεόν.

290 4359 384 4422 1592.
408 4357 567 4440 Achaeus,
590 4355 756 4420 homicidio
775 4353 988 4439 imprudenter
1006 4355 1104 4431 facto,
1122 4354 1153 4419 iu
1166 4352 1329 4445 Laconiam
