3112 4914
241 391 305 455 221
652 409 906 455 commaneamus.

239 605 480 683 demittens,
511 604 594 688 quod
626 604 751 670 Graecis
784 604 863 669 male
893 605 1058 690 respondet
1088 614 1119 670 et
1149 605 1187 670 de
1211 608 1325 672 iacenti

238 719 377 805 intellegi
401 719 519 803 nequit.
555 718 603 782 Tu
626 727 709 782 verte
732 741 875 803 ungues
890 721 1105 797 remittens,
1124 720 1325 787 resolvens.

238 832 284 898 Of.
307 833 345 895 ad
371 835 444 898 744.
467 869 511 881 -
533 832 652 909 γυμνὰ
675 868 720 880 -
742 831 843 907 μέλη
869 832 1012 896 membris
1035 855 1052 896 e
1075 833 1187 917 pallio,
1212 836 1324 898 reiecto

238 946 322 1023 soil,
347 955 383 1008 ut
406 946 437 1009 in
461 947 598 1029 graviore
621 954 652 1008 et
676 947 811 1030 corporis
834 955 865 1010 et
888 947 982 1010 animi
1005 948 1171 1012 1111111111
1187 948 1322 1026 solebat,

238 1060 372 1123 exsertis.
397 1058 441 1122 cf.
465 1058 533 1145 Ipb.
557 1058 592 1122 Τ.
621 1062 716 1123 laod.
749 1058 877 1124 Minu.
901 1058 994 1124 Peius
1017 1062 1204 1145 antiquiores
1227 1062 1324 1125 inter·

237 1184 336 1256 pretes
360 1173 535 1256 cogitarunt
558 1171 596 1234 de
621 1170 755 1247 vestibus
779 1171 819 1236 ob
843 1173 1010 1258 spectaculi
1035 1175 1188 1239 horrorem
1213 1175 1324 1239 dilace-

236 1285 321 1347 ratis.
353 1285 389 1349 Io
414 1285 560 1368 pallium,
584 1284 743 1360 delaturos,
770 1284 942 1363 abiecit,
968 1308 1007 1350 ne
1031 1308 1166 1352 mensam
1190 1290 1337 1372 supersi·¹

236 1396 313 1460 lions
349 1397 557 1481 impediretur.
605 1398 751 1461 Similiter
781 1399 841 1462 iam
872 1401 952 1483 apud
983 1400 1152 1465 Homerum
1178 1423 1322 1465 cursuros

235 1517 368 1590 χλαῖναν
391 1511 509 1574 abicere
532 1512 564 1574 in
589 1511 699 1595 vulgus
723 1521 832 1575 notum
856 1522 911 1576 est.
946 1513 1058 1589 Γυμνάς
1082 1514 1196 1579 Graece
1213 1516 1322 1600 saepia·

283 1742 376 1802 1200.
400 1741 413 1802 i
437 1738 634 1814 μαντευτὸς
657 1739 771 1814 γένος.
805 1737 851 1804 Of.
877 1743 1319 1817 1128,1182,1188,1188,

239 1855 333 1928 1188,
361 1853 456 1926 1202,
481 1854 566 1913 1218
585 1860 613 1914 11
631 1850 732 1915 denuo
749 1852 874 1916 observa
889 1852 1042 1916 laudabile
1059 1863 1165 1938 poetae
1181 1854 1319 1918 studium

235 1966 317 2030 idem
343 1964 432 2028 variis
456 1963 554 2027 modis
578 1963 787 2048 significandi,
812 1987 850 2028 ne
874 1967 1034 2049 imponant
1052 1967 1110 2030 tibi
1125 1966 1318 2032 librariorum

235 2099 368 2152 errores,
404 2073 459 2139 ubi
495 2075 605 2157 exiguo
641 2074 801 2139 intervallo
833 2077 913 2139 idem
946 2076 1127 2141 vocabulum
1160 2080 1225 2143 sine
1255 2079 1317 2143 ulla

234 2213 326 2256 causa
361 2189 526 2273 repetitur,
562 2209 625 2271 quo
661 2176 794 2252 errorum
829 2213 939 2274 genere
969 2191 1029 2255 hoc
1057 2194 1320 2289 corruptissimum

234 2306 340 2369 drama
363 2303 513 2387 imprimis
536 2301 664 2367 laborat.
687 2301 734 2367 Oi.
759 2303 797 2366 ad
822 2307 873 2368 19.

279 2421 377 2481 1210.
401 2424 571 2483 κτανεῖν.
604 2415 650 2480 Of.
673 2416 712 2480 ad
737 2420 812 2481 665.

280 2538 375 2600 1218.
400 2536 523 2618 ε’ρευνρῖ
545 2572 589 2582 -
613 2535 746 2612 λαβών.
771 2534 862 2614 Quod
883 2536 982 2599 111111
999 2559 1060 2602 111
1077 2545 1198 2622 poterat
1214 2547 1317 2602 stans

233 2650 270 2713 in
296 2671 442 2725 mensa,
467 2649 568 2711 itaut
592 2648 640 2710 111
663 2648 735 2711 binc
760 2657 904 2733 appareat
929 2672 1084 2734 perperam
1104 2650 1315 2734 Musgruvium

232 2763 423 2846 interpretari
447 2760 538 2824 verba
561 2761 630 2841 ὑπὲρ
651 2759 816 2841 τραπέζης,
841 2762 881 2824 111
907 2785 1078 2826 mensam
1104 2762 1200 2848 (unde
1218 2765 1316 2831 audiri

233 2885 263 2939 et
282 2875 417 2958 conspici
437 2872 475 2937 ab
495 2873 638 2938 omnibus
660 2880 782 2957 posset).
812 2875 898 2948 Μέλνρ
923 2875 991 2955 ὑπὲρ
1014 2875 1160 2956 τραπέζης
1184 2874 1235 2957 ἧχ’
1251 2879 1317 2963 ipsa
1413 2961 1415 2967 ῃ

232 2991 380 3053 sermonis
401 2989 479 3052 ratio
495 2988 585 3051 docet
601 2987 771 3070 significare
787 2988 985 3067 ὑπερεπήδησε
1000 2991 1052 3064 τὴν
1066 2989 1225 3070 τράπεζαν.
1252 2990 1316 3053 Hu-

133 3154 134 3157 .
232 3102 318 3168 miles
342 3110 479 3165 veterum
502 3122 620 3164 mensas
644 3099 739 3164 111111
755 3101 896 3165 novimus
913 3124 928 3165 e
947 3103 1153 3167 monumentis
1169 3103 1315 3188 antiquis.

281 3218 375 3278 1214.
400 3212 574 3293 πρέσβυν
597 3215 642 3283 ὡς
667 3211 790 3292 ἔχονθ’
812 3211 904 3280 ἕλοι.
948 3212 1062 3278 Omnes
1086 3225 1206 3298 praeter
1224 3216 1316 3279 Mus·

231 3329 369 3414 gravium
404 3327 483 3390 male
513 3334 669 3390 tentarunt
701 3325 763 3390 duo
797 3327 906 3391 ultima
939 3326 1104 3403 vocabula,
1139 3327 1248 3392 Reislre
1278 3331 1315 3400 ὡς

156 3512 160 3519 ,
233 3442 331 3507 ἁλόντ’
355 3443 417 3522 ἔχοι
439 3444 543 3524 (quam
568 3440 646 3504 ooui.
662 3441 804 3525 repetivit
824 3439 1069 3525 Kirohlrofflvel
1085 3443 1121 3512 ὥς
1139 3443 1209 3504 ἑλὼν
1229 3442 1314 3517 ibor,

231 3555 374 3637 Hartung
404 3555 440 3624 ὥς
472 3553 609 3617 κτείνοντ’
640 3553 722 3631 ἔχοι,
755 3551 890 3615 Dindorf
917 3554 954 3623 ὡς
974 3551 1087 3637 ,λαβὼν
1113 3552 1190 3631 ἔχοι.
1226 3550 1313 3635 Ipse,

231 3691 270 3732 11
293 3668 370 3732 mihi
394 3689 528 3751 parcam,
553 3667 638 3731 Stud.
662 3671 728 3730 orit.
745 3689 812 3750 pag.
830 3669 870 3730 35
892 3665 1033 3729 refutatis
1054 3664 1114 3728 illis
1131 3666 1314 3730 coniecturis

231 3780 408 3865 suspicabar
431 3780 557 3843 fortasse
580 3787 651 3865 post
674 3779 757 3843 hunc
782 3803 823 3844 11.
849 3802 944 3843 unum
969 3779 1152 3843 versiculum
1170 3780 1311 3864 periisse,

231 3895 319 3959 cuius
351 3894 501 3958 sententia
531 3892 641 3956 fuerit:
677 3892 884 3957 'Vasculum
910 3891 1064 3955 aliudve
1088 3893 1314 3956 instrumen-

230 4018 325 4085 tum,
358 4008 454 4086 unde
486 4006 725 4092 paedagogus
756 4027 941 4069 venenum
975 4004 1180 4068 infuderat.
1226 4003 1314 4083 Quae

231 4119 365 4184 scribens
389 4119 566 4203 ignorabam
591 4117 803 4202 Musgravium
824 4115 1024 4202 probabiliter
1044 4117 1208 4181 coniecisse
1227 4117 1314 4198 11ρὲ1·-

229 4235 287 4312 βυν
317 4234 467 4316 glossema
496 4255 578 4308 esse,
609 4231 692 4315 quod
717 4231 868 4315 expulerit
890 4229 1046 4311 depxx',
1070 4229 1225 4294 obiectum
1249 4253 1314 4314 par-
1412 4316 1416 4322 ⁶

230 4348 328 4430 ticipii
351 4346 469 4424 ἔχοντα.
500 4344 604 4408 Simile
628 4345 932 4427 interpretamentum
957 4343 1101 4428 deturpat
1124 4343 1225 4406 locum
1252 4342 1312 4406 He-
