3112 4914
234 362 296 427 198
642 379 896 425 concursuros.

278 575 373 636 1058.
398 570 528 636 ἄλλων
547 573 610 635 ἀπ’
629 570 747 637 οἴκων.
773 571 847 637 Mox
869 573 937 638 vide
959 576 1050 639 1073.
1075 573 1122 639 Of.
1141 574 1235 659 Hipp.
1254 579 1317 641 756

232 687 337 763 ὀλβίων
360 686 415 750 ῶν)
438 684 533 769 class,
558 685 636 749 Dan.
659 685 694 750 fr.
717 693 833 751 λεπτῶν
852 687 906 751 ἀπ’
927 686 1016 752 οἴκων.
1033 689 1209 753 —Versus
1231 713 1267 754 cx
1283 714 1318 755 eo

194 784 197 788 ⁴
231 822 339 884 genere
364 798 508 882 estquod
525 807 633 862 vocant
649 802 803 879 περικοπὴν
819 801 987 880 properata.
1012 800 1058 867 cf.
1078 802 1207 882 (lemen,
1225 806 1317 870 Μῶν.

231 936 301 999 pag.
324 915 398 978 145.

279 1029 375 1090 1060.
405 1027 573 1103 εὐγενετᾶν.
615 1025 661 1091 Cf.
690 1024 805 1090 Phoen.
832 1029 927 1103 1510,
953 1027 1098 1093 Androm.
1125 1032 1198 1094 771.
1227 1030 1317 1094 Solus

233 1139 395 1223 Euripides
419 1139 559 1214 adhibet,
588 1138 681 1222 idque
704 1139 736 1202 in
760 1139 874 1202 melicis
899 1147 1037 1217 tantum,
1063 1163 1117 1224 pro
1141 1144 1261 1218 εὐγενής
1278 1145 1316 1228 1).

235 1252 435 1317 Substantivo
467 1253 552 1336 epico
583 1253 688 1329 ysasrsl
724 1252 832 1334 tragici
867 1274 990 1336 prorsus
1024 1251 1249 1319 abstinuerunt.
1273 1295 1317 1306 -

232 1365 425 1446 Ἐρεχθειδῶν.
450 1365 509 1429 Hic
532 1373 562 1429 et
586 1387 676 1449 supra
702 1367 786 1429 1058
811 1366 972 1430 manifesto
990 1376 1063 1430 sunt
1079 1369 1137 1451 ipsi
1153 1369 1318 1434 Erechthei

233 1480 357 1564 posteri.
383 1479 466 1544 Alibi
489 1501 550 1543 non
575 1501 643 1543 raro
667 1479 749 1563 apud
774 1481 906 1563 tragicos
930 1482 973 1544 sic
995 1481 1141 1546 dicuntur
1157 1484 1319 1547 universus

233 1593 365 1676 populus
396 1591 639 1655 Atheniensium.
678 1591 768 1654 Teste
791 1599 892 1655 tamen
917 1592 1075 1657 Herodoto
1099 1592 1190 1669 VIII,
1216 1596 1316 1658 ethi

234 1708 367 1792 primum
391 1706 542 1790 Pelasgi
566 1706 658 1789 dicti,
681 1715 747 1769 tum
767 1705 922 1783 Cranai,
940 1706 1051 1770 deinde
1068 1707 1318 1792 Cecropidae,

233 1827 381 1904 regnante
409 1818 581 1882 Erechtheo
605 1819 703 1881 vocati
727 1826 801 1881 sunt
827 1819 1107 1896 Athenienses,
1133 1822 1318 1906 tandemque

233 1933 271 1997 ab
294 1933 387 2008 Ione,
412 1931 512 1995 Xuthi
535 1932 615 2009 filio,
641 1931 771 1996 Iones.

279 2047 366 2110 loct
396 2045 428 2108 in
459 2042 545 2108 libris
576 2044 619 2107 ita
650 2050 829 2128 corruptus,
861 2051 895 2107 ut
925 2045 1015 2110 verba
1045 2047 1154 2129 partim
1189 2068 1315 2126 emea,

233 2159 343 2243 partim
376 2181 391 2221 e
420 2157 532 2221 Kockii
564 2159 755 2242 (Veri-sim,
779 2181 808 2242 p.
836 2159 899 2221 239
916 2159 977 2242 sq.)
1005 2159 1179 2223 coniectura
1203 2161 1319 2223 consti·

233 2273 355 2336 tuerim.
390 2271 480 2334 Prius
511 2270 667 2334 videamus
698 2269 736 2333 de
767 2268 867 2334 verbis
898 2270 1038 2345 ἣθνκτὸν
1064 2269 1148 2352 ξίφος
1173 2275 1186 2336 o‘
1210 2273 1319 2349 διιίριινν

236 2386 402 2465 ἐξάψειν
424 2383 532 2464 βρόχον
555 2384 639 2464 ἀμφὶ
663 2385 784 2466 lepte,
808 2384 840 2447 in
865 2384 976 2467 quibus
1000 2385 1132 2469 primum
1152 2395 1234 2450 certa
1251 2408 1320 2451 con-

237 2500 352 2563 iectura
380 2496 497 2589 ¹Reiske
532 2496 671 2578 ἣ’ξῶψει
706 2507 737 2561 et
770 2496 941 2561 Wakefield
976 2499 1066 2579 δειρήν
1099 2501 1317 2578 restituerunt,

236 2613 346 2677 deinde
368 2611 501 2696 Scaliger
524 2612 675 2696 speciosa,
700 2611 752 2675 sed
776 2611 869 2690 falsa,
894 2611 1104 2676 emendatione
1131 2636 1185 2697 pro
1209 2616 1319 2690 δαίμων

234 2726 371 2811 reposuit
400 2731 530 2803 λιιιρνῶν,
562 2723 685 2788 tandem
718 2724 863 2808 Hartung
895 2747 956 2788 non
988 2727 1100 2789 rectius
1131 2729 1171 2800 εἷς
1194 2729 1319 2806 unruoch

235 2861 289 2924 pro
317 2840 331 2903 5
361 2839 481 2916 calcea
523 2837 572 2901 Ita
596 2838 675 2901 enim
707 2837 811 2902 deerat
840 2838 966 2903 verbum
990 2842 1210 2918 necessarium,
1236 2843 1319 2926 qnod

234 2975 265 3016 se
295 2951 460 3016 Kirohhoff
486 2951 654 3035 repperisse
685 2951 806 3034 putavit
839 2952 1024 3036 suspicando
1056 2956 1073 3028 ἤ
1105 2956 1205 3030 laerta
1234 2955 1319 3040 ξίφος

234 3067 298 3130 elce
328 3069 442 3141 λινιρνῶν
474 3064 490 3137 ἢ
522 3062 641 3144 ’Kapsa
675 3064 758 3147 quod
791 3074 891 3128 tamen
915 3066 1013 3130 facere
1036 3090 1099 3132 non
1122 3069 1320 3153 permittebat

236 3181 261 3244 ei
294 3187 424 3243 metrum
456 3200 498 3242 vs.
529 3178 675 3261 strophici
706 3179 840 3263 (1050),
866 3179 918 3244 nbi
942 3190 1101 3266 propterea
1126 3206 1142 3247 a
1165 3184 1224 3247 fine
1248 3185 1318 3248 addi

234 3293 324 3357 iussit
354 3297 418 3355 σῶν.
456 3290 612 3355 Meliorem
644 3291 766 3355 tandem
797 3294 875 3357 viam
906 3293 976 3357 iniit
998 3294 1105 3373 Kock,
1130 3298 1183 3379 qui
1207 3297 1232 3360 si
1256 3320 1317 3361 non

235 3413 331 3483 certa,
357 3411 490 3468 attamen
514 3403 601 3469 valde
624 3404 790 3488 probabili,
815 3406 1003 3483 coniectura,
1029 3409 1060 3471 in
1086 3430 1175 3492 quam
1200 3411 1318 3494 etipse

232 3519 415 3595 incideram,
451 3516 537 3580 dedit
567 3516 651 3612 quod
684 3518 767 3581 vides
799 3519 857 3582 hoc
890 3542 1000 3584 sensu:
1035 3530 1253 3588 autacuet
1284 3527 1319 3588 ci

234 3629 390 3714 (Creusae)
416 3651 552 3692 ensem
577 3629 762 3706 daemon,
787 3631 806 3694 i.
831 3653 856 3696 e.
881 3631 1051 3716 desperatio
1077 3635 1127 3716 (cl.
1153 3635 1244 3720 Soph.
1267 3639 1316 3703 At.

236 3746 334 3824 504),
371 3752 440 3807 aut
474 3740 637 3825 aptabit
671 3743 869 3831 laqueum
896 3746 1006 3811 circa
1040 3748 1204 3813 collum.
1250 3749 1316 3814 Iam

235 3856 390 3919 videamus
414 3854 452 3917 de
475 3853 673 3939 praegressis,
697 3856 740 3918 sic
764 3856 885 3939 scriptis
908 3857 940 3921 in
960 3856 1116 3923 Palatino:
1139 3859 1220 3925 ῶνῶν
1233 3863 1317 3935 ἐλπὶς

234 3966 344 4050 <theth
375 3968 418 4030 ita
449 3988 518 4030 vero
548 3967 579 4029 in
612 3967 735 4030 ceteris:
767 3967 823 4032 ἅτε
857 3970 902 4032 vel
934 3967 989 4034 alre
1019 3977 1066 4035 νῦν
1089 3971 1190 4052 Φέρει)
1214 3975 1316 4054 ἐλπίς,

234 4082 315 4145 unde
338 4081 430 4164 vulgo
455 4102 491 4143 ex
514 4079 717 4163 Scaligeriana
741 4082 927 4146 correctione
951 4083 1065 4168 legitur
1086 4081 1107 4168 ᾇ
1128 4111 1162 4150 τε
1185 4092 1233 4151 νῶν
1254 4089 1315 4153 κτὲ.

234 4235 429 4247 ...-----

270 4324 293 4380 1)
312 4321 424 4382 0d.V1,
444 4324 505 4373 1852
522 4331 639 4393 χάρματα
657 4322 677 4375 δ’
692 4327 872 4399 εὐμενέτῃσι·
890 4327 937 4379 art.
963 4328 1006 4378 An
1022 4330 1211 4401 σῶριινίισσιὲ
