3112 4914
273 357 338 422 202
686 379 940 427 commaneamus.

271 570 369 654 placet
395 571 541 635 Badhami
564 572 739 637 coniectura
760 573 944 645 δνσκελοίδοις
967 578 1004 640 οὐ
1027 574 1108 639 κατὰ
1124 579 1236 651 μοῦσαν
1252 574 1350 646 ίθνπες.

270 683 320 746 An
344 683 438 746 forte:
462 684 486 748 δ.
511 708 539 750 κ.
563 709 597 759 μ.
621 683 807 762 ύχονσες,
829 708 986 750 carmen
1011 686 1286 752 deducentes?

317 799 413 859 1095.
437 795 591 880 οίροπον,
616 804 652 862 ut
674 800 810 879 σπέρμα,
839 799 956 864 dictum
980 822 1036 884 pro
1059 800 1149 878 γένος.

316 912 412 973 1096.
436 912 706 992 παλίμφαμος
728 912 861 996 οίοιδοί,
886 914 905 978 i.
929 936 952 977 e.
976 915 1092 979 ἐναντία
1115 914 1180 996 ᾦδῆ.
1216 913 1352 977 Eandem

269 1024 448 1088 sententiam
473 1024 541 1089 vide
564 1023 645 1089 Med.
670 1029 735 1091 410
753 1047 818 1109 sqq.

315 1137 409 1200 1097.
432 1137 691 1214 δυσκέλαδος,
716 1136 860 1218 δύσθροος,
885 1137 1046 1220 δύσφημος.

317 1251 410 1314 1099.
433 1251 446 1314 θ
466 1251 557 1323 Διὸς
580 1253 621 1316 ἐκ
645 1253 802 1317 παίδων.
826 1252 967 1316 Xuthum
992 1252 1150 1336 intellege3
1178 1252 1244 1316 vide
1260 1274 1355 1337 supra

271 1363 322 1427 03.
344 1362 467 1428 Musca.
488 1362 632 1428 Ostendit
649 1365 731 1428 Iovis
752 1387 788 1429 ex
811 1366 906 1429 Aeolo
922 1388 1016 1450 nepos
1033 1365 1217 1430 oblivionem
1233 1365 1352 1443 uxoris,

269 1497 305 1538 ex
337 1498 398 1559 qua
428 1476 456 1539 ei
479 1500 540 1541 non
565 1479 693 1562 contigit
717 1501 909 1542 communem
933 1479 1048 1562 prolem
1073 1479 1233 1562 suscipere.
1269 1478 1351 1542 Han-

268 1607 377 1664 mauu,
417 1589 493 1653 bene
532 1592 643 1655 reiecto
679 1591 803 1655 Canteri
837 1592 1014 1656 coniectura
1048 1590 1260 1668 ἀγνωμοσύναν
1296 1613 1350 1674 pro

267 1701 482 1778 darnacollecta.
519 1703 566 1767 Of.
598 1704 690 1788 Soph.
724 1705 774 1768 Ai.
804 1709 866 1768 593
898 1702 962 1769 ὅσον
986 1705 1010 1768 δ’
1034 1706 1153 1785 οίπορρεῖ
1173 1712 1296 1780 μνῆστις
1319 1700 1352 1769 εὖ

269 1812 455 1892 πεπονθότος,
475 1811 480 1901 Ι
500 1817 549 1878 ούκ
581 1814 618 1880 θον
648 1815 754 1891 γένοιτ’
784 1813 823 1878 ἔθ’
846 1812 925 1888 ούπος
948 1817 1066 1892 εὐγενὴς
1090 1816 1168 1894 οίνῆρ.
1204 1814 1352 1883 Similiter

266 1923 370 1989 Latini
394 1948 541 1992 memor
564 1936 595 1992 et
618 1930 822 1992 immemor
846 1951 899 2013 pro
922 1938 1065 2014 gratus
1089 1938 1119 1992 et
1142 1929 1349 2012 ingratus.

267 2037 409 2103 Ceterum
451 2041 584 2105 Dorismi
626 2043 716 2106 vicini
754 2043 829 2105 mihi
867 2050 1084 2126 persuaserunt
1118 2050 1154 2105 ut
1189 2042 1349 2106 scriberem

266 2153 485 2230 οίμναμοσύναν.
521 2154 567 2220 Of.
594 2155 631 2219 H.
655 2155 687 2220 F.
713 2159 774 2221 097
800 2157 912 2221 κελαδῶ
935 2156 1201 2234 μναμοσύναν.

312 2269 407 2332 1101.
430 2268 558 2333 κοινθιν
578 2269 718 2333 τεκέων
737 2268 881 2352 τύχαν,
903 2269 1147 2333 communium
1172 2267 1350 2331 librorum

267 2374 532 2456 felicitatem,
557 2401 612 2463 pro
634 2381 713 2445 κοινοὶ
736 2380 834 2444 τέκνα.

313 2494 407 2556 1104.
437 2492 590 2569 θέμενος
614 2493 743 2575 χύριν,
771 2494 789 2558 i.
812 2515 837 2557 e.
865 2491 1080 2573 χαριούμενος,
1106 2490 1352 2574 indulgens,

265 2604 437 2669 animum
461 2606 684 2690 applicans.
720 2605 767 2669 cf.
795 2608 868 2670 Hec.
896 2608 990 2684 1911,
1014 2604 1125 2670 Bacch.
1145 2603 1348 2683 79014161,

267 2715 320 2781 ubi
344 2718 417 2782 olim
437 2720 554 2783 correxi
569 2719 699 2797 τιθεμένη
718 2719 775 2800 χοί
782 2743 837 2798 ριν
858 2720 927 2802 (pro
940 2718 1211 2800 χοίριπαπιθεμένη)
1227 2717 1341 2781 πύσει.

266 2828 399 2895 Omnino
421 2831 518 2895 forma
540 2835 654 2912 χαριτα
673 2855 690 2895 a
711 2831 867 2916 tragoedia
891 2832 990 2894 aliena
1014 2830 1146 2906 videtur,
1164 2835 1350 2912 quapropter

266 2943 375 3008 Helen.
403 2949 485 3010 1378
512 2944 707 3010 scribendum
732 2967 886 3029 propono:
914 2947 951 3015 ὡς
974 2947 1015 3024 τῷ
1040 2943 1150 3008 θανθντι
1175 2944 1212 3017 δη
1235 2942 1351 3014 ξννεκ·

265 3063 369 3121 πονῶν
405 3057 510 3138 χοίριν
545 3081 599 3143 pro
634 3058 747 3138 χοίριτα
782 3057 972 3140 ξυνεκπονῶν,
1007 3066 1079 3134 aut,
1115 3055 1198 3139 quod
1229 3055 1349 3119 malim:

265 3171 371 3245 δῆθεν
394 3171 564 3235 ἐκπονῶν
586 3171 716 3252 χοίριν.

311 3284 405 3347 1107.
429 3281 619 3358 ἐξέπλησα.
646 3281 745 3347 Orest.
771 3285 812 3344 54
836 3281 943 3360 λιμένα
966 3283 995 3346 δὲ
1017 3280 1198 3346 Ναυπλίειον
1220 3284 1352 3352 ἐκπλη-

264 3402 331 3488 ρῶν
355 3393 476 3477 πλοίπη,
506 3395 558 3459 ubi
581 3396 699 3460 Po'rson
722 3405 752 3459 et
776 3397 858 3460 huuc
884 3396 969 3460 Ionis
993 3396 1095 3459 locum
1119 3395 1205 3458 affert
1228 3404 1259 3458 et
1282 3392 1352 3458 Hel.

266 3513 352 3572 1590
378 3512 523 3584 πλήσασα
546 3519 749 3592 κλιμακτῆρας
773 3514 915 3592 εύσφύρον
939 3508 1034 3581 ποδθς.
1060 3509 1189 3585 Dicitur,
1212 3509 1267 3587 ait,
1283 3506 1352 3590 quis

265 3622 296 3686 id
328 3623 460 3706 spatium
493 3624 629 3708 explere,
665 3625 753 3687 cuius
785 3625 880 3687 varias
915 3634 1017 3707 partes
1048 3621 1176 3687 oberrat.
1210 3620 1352 3684 Tibullus

265 3737 291 3813 I,
311 3742 341 3813 4,
364 3716 474 3802 aaut
499 3736 561 3801 ter
587 3747 785 3801 centenas
809 3737 1028 3802 erroribus
1054 3737 1213 3820 expleat
1235 3734 1344 3799 urbes
1449 3777 1451 3781 «

265 3850 434 3937 Corruptus
460 3852 566 3935 procul
590 3851 684 3914 dubio
703 3851 788 3914 locus
810 3851 909 3936 lphig.
930 3851 964 3916 T.
984 3853 1059 3926 804,
1077 3871 1167 3933 quem
1180 3850 1343 3913 correxisse

264 3967 340 4030 milri
372 3967 476 4031 videor
511 3967 671 4049 Verslupen
704 3966 759 4043 IV,
795 3969 813 4027 9
841 3989 871 4050 p.
895 3968 979 4042 904,
1004 3965 1056 4028 sed
1081 3964 1119 4027 de
1142 3963 1200 4026 hoo
1223 3982 1345 4047 quoque

264 4078 331 4142 loco
364 4090 393 4142 et
424 4079 461 4142 de
488 4079 554 4142 loco
579 4077 696 4142 Orestis
720 4101 794 4142 num
818 4079 885 4141 sani
908 4079 970 4142 sint
992 4076 1111 4142 dubito.
1146 4075 1238 4156 Quod
1263 4075 1344 4140 enim

264 4191 302 4254 de
327 4192 416 4255 verbo
441 4191 635 4276 explendi
659 4191 734 4255 dicit
756 4190 889 4270 Porsou,
917 4201 1033 4274 praeter
1056 4191 1170 4255 Tibulli
1190 4190 1292 4253 locum
1312 4189 1344 4252 in

267 4326 361 4370 unum
395 4304 472 4368 bene
497 4305 628 4389 quadrat
652 4304 752 4367 locum
778 4303 922 4368 Helenae.
958 4303 1077 4389 Nempe
1100 4303 1199 4368 Orest.
1226 4306 1267 4366 54
1292 4303 1344 4367 Me
