3112 4914
277 385 340 450 164
693 405 945 450 commaneamus.

272 598 307 660 in
327 620 366 661 re
382 621 535 682 prorsus
554 599 712 662 incerta
731 598 808 662 nihil
826 600 962 663 moverit.
988 596 1032 663 Ut
1048 602 1267 685 superstitione
1279 601 1357 665 nihil

271 709 407 788 foedius,
430 711 474 773 ita
497 703 665 775 temeritate
689 712 766 776 nihil
790 713 886 775 levius
911 735 976 776 esse
1001 699 1149 778 existimo.

317 826 390 888 666.
414 825 578 902 Δμοοι9εσσο
602 834 708 889 natum
732 849 747 889 e
771 828 975 912 superscripta
998 829 1186 892 nominativo
1211 829 1355 892 termina-

270 938 353 1004 tione
376 939 470 1004 dativi
494 938 532 1003 ab
556 962 591 1003 eo
616 941 669 1024 qui
693 939 839 1024 iungebat
863 941 931 1019 ὑμῖν
954 941 1084 1018 taetris.

316 1054 388 1118 671.
421 1051 454 1128 μ’
480 1054 497 1135 ᾗ
525 1059 704 1118 τεκοῦσαι.
740 1052 911 1117 Verborum
941 1054 1016 1118 ordo
1040 1056 1164 1140 tragicis
1188 1056 1354 1120 familiaris.

269 1165 363 1249 Soph.
386 1163 425 1229 0.
450 1164 484 1230 O.
507 1169 573 1228 994
597 1167 694 1245 ποοπήρ
718 1169 745 1230 π’
768 1167 781 1230 i
806 1167 926 1240 κοοίοοον,
953 1167 1025 1230 Eur.
1050 1167 1098 1232 El.
1124 1171 1186 1231 265
1211 1170 1305 1248 μήτηρ
1326 1169 1353 1233 π’

269 1284 285 1356 ἡ
309 1286 451 1361 remora,
475 1279 541 1343 alia.
576 1278 692 1344 Addam
718 1301 814 1363 pauca
835 1280 964 1344 aliorum
983 1261 1199 1346 vocabulorum
1217 1283 1355 1367 exempla

268 1393 357 1456 metri
379 1415 469 1456 causa
490 1394 762 1476 transpositorum
789 1392 905 1458 Heoob.
930 1396 968 1457 ll
991 1392 1042 1470 ἵν’,
1063 1398 1087 1459 εἰ
1111 1433 1153 1443 -
1176 1390 1274 1472 πέσοι,
1292 1402 1352 1465 τοῖς

267 1506 350 1587 ζῶσιν
373 1504 430 1580 εἴη
454 1506 538 1569 ποσσὶ
562 1508 609 1581 μὴ
633 1504 737 1577 σπάνις
762 1506 846 1583 βίου,
876 1507 942 1570 Alo.
969 1511 1033 1572 198
1057 1508 1181 1573 οὔποθ’
1206 1505 1245 1573 οὗ
1265 1510 1354 1583 λελή-

268 1645 369 1697 σεποοι,
401 1619 441 1683 Η.
473 1619 506 1684 F.
539 1623 623 1686 1387
656 1620 736 1701 λύπρ
758 1645 795 1685 πο
818 1622 926 1685 παίδων
950 1625 999 1699 μὴ
1023 1621 1139 1688 πάθω.
1176 1623 1261 1687 Infra
1287 1627 1349 1688 742

266 1734 299 1797 πὸ
335 1738 400 1798 ποῦ
435 1732 464 1795 δὲ
496 1739 560 1809 νοῦ,
596 1732 708 1797 Bacch.
747 1735 810 1796 502
845 1734 998 1810 eredis
1035 1735 1122 1800 adada
1156 1735 1200 1798 ὢν
1226 1737 1284 1815 οὐχ
1307 1773 1351 1782 ——

266 1849 393 1931 εἰσορᾷς,
419 1844 517 1909 Orest.
543 1848 605 1908 699
630 1843 700 1911 ἀλλ’
724 1848 761 1918 ὥς
783 1846 837 1923 μὲν
860 1849 926 1910 οὐκ
948 1844 988 1911 εὖ
1007 1849 1049 1925 μὴ
1071 1846 1137 1924 λέγ’
1158 1846 1350 1928 εἷργοοσποοο

265 1961 369 2027 ratde.
401 1959 450 2023 Sic
474 1959 539 2024 ποτ’
562 1963 592 2023 οὐ
617 1981 670 2042 pro
693 1958 798 2023 οὔποτε
806 2007 815 2039 ,
841 1957 883 2023 ἔπ’
906 1961 937 2023 οὐ
961 1980 1016 2043 pro
1040 1958 1151 2035 οὐκέτι,
1168 1959 1235 2024 alia.
1263 1960 1349 2023 Adde

266 2073 404 2158 exempla
423 2072 549 2137 collecta
573 2073 610 2136 ab
635 2071 780 2135 Elrnsleio
804 2073 840 2135 ad
866 2072 947 2138 Med.
963 2075 1004 2138 47
1009 2075 1039 2136 3.
1057 2111 1101 2122 --
1122 2074 1168 2137 Ad
1185 2096 1248 2137 rem
1264 2082 1346 2138 recte
1461 2159 1463 2164 Α

251 2173 368 2252 monet
393 2187 516 2251 'Barnes
547 2186 710 2270 pulchrum
742 2209 819 2271 quae
850 2187 899 2251 hio
922 2186 1070 2251 dicuntur
1093 2211 1157 2250 esse
1181 2211 1348 2267 προποροοσ-

267 2300 405 2380 κεύοοσμοο
428 2300 466 2365 ad
490 2300 624 2364 futuram
648 2301 825 2384 peripetiam
849 2300 1075 2384 explicandam,
1108 2278 1232 2384 quando
1257 2324 1346 2386 appa·

267 2424 332 2481 reat
363 2416 448 2479 Ionis
476 2423 603 2478 matrem
632 2436 694 2478 non
717 2414 956 2480 Atheniensium
980 2414 1070 2477 modo
1095 2413 1148 2478 sed
1172 2414 1349 2478 Erechthei·

266 2528 373 2592 darum
397 2549 460 2590 esse
484 2525 713 2590 nobilissimam.
744 2524 862 2589 Similia
885 2526 1001 2603 multa,
1027 2526 1052 2588 si
1077 2526 1134 2588 hoc
1158 2527 1240 2610 agis,
1264 2527 1345 2610 apud

206 2664 209 2669 ·
266 2650 379 2705 veteres
411 2640 545 2704 scenicos
577 2639 715 2723 reperias.
761 2638 919 2703 Eiusmodi
942 2648 1014 2704 sunt
1037 2639 1176 2722 Tyndari
1201 2637 1292 2702 verba
1315 2639 1347 2703 in

265 2755 374 2818 eximia
397 2753 501 2816 Plauti
524 2753 628 2817 fabula
652 2753 803 2837 Coptea'oa'a
828 2751 870 2830 Π,
895 2754 924 2832 9,
950 2755 990 2814 60
1008 2773 1073 2836 sqq.

311 2869 383 2932 6⁷2.
407 2867 551 2946 nappnrr‘a
575 2866 602 2931 h.
619 2866 638 2930 l.
661 2865 855 2929 vehementer
870 2865 945 2928 mihi
963 2865 1104 2949 displicet
1122 2866 1162 2929 ob
1180 2867 1346 2950 sequentia.

263 2981 346 3046 Fieri
370 2964 487 3066 potest,
512 2990 548 3044 ut
571 3002 728 3065 perperam
753 2979 929 3063 suppletum
953 2980 993 3042 sit
1017 3003 1041 3044 e.
1066 3004 1106 3044 vs.
1132 2983 1204 3045 675.
1234 2979 1346 3064 Expec-

265 3102 397 3160 taveram
421 3094 515 3158 κεδνὸν
538 3093 619 3170 γένος
642 3090 695 3155 aut
720 3091 818 3156 simile
842 3091 927 3176 quid.

309 3211 380 3275 673.
412 3207 586 3285 actaeae
616 3242 659 3254 --
690 3204 821 3282 πόλιν,
846 3207 934 3270 onius
958 3205 1075 3269 incolae
1099 3208 1231 3283 ἐγγενεῖς
1255 3214 1345 3284 sunt,

262 3342 323 3384 non
347 3317 468 3384 ἕποικτοὶ
493 3324 523 3380 et
546 3316 710 3390 σοοήλοδες.

308 3434 346 3496 67
353 3435 380 3494 5.
414 3430 547 3494 alacres
574 3461 607 3482 =
636 3429 785 3504 κέκτησαι.
831 3428 967 3493 Verbum
1003 3430 1148 3493 Doricum
1181 3437 1211 3492 et
1243 3450 1344 3492 rarum

261 3544 342 3630 apud
367 3543 497 3626 tragicos
521 3551 677 3627 praeterea
700 3542 814 3626 legitur
839 3543 947 3607 Aesoh.
971 3544 1027 3626 Ag.
1053 3545 1128 3619 835,
1153 3541 1226 3607 Alor.
1248 3541 1344 3606 Andr.

262 3661 335 3734 641,
361 3657 494 3734 aesopus
520 3656 628 3720 Aesch.
653 3655 742 3720 Eum.
768 3656 841 3734 178,
865 3656 1025 3730 innodaras
1048 3655 1083 3720 fr.
1110 3659 1182 3719 199.
1206 3654 1232 3716 u
1256 3655 1344 3739 pede·

260 3772 374 3835 stribus
399 3771 510 3834 Atticis
535 3770 619 3834 solus
644 3792 718 3833 usus
742 3778 789 3833 est
808 3768 998 3853 Xenophon,
1016 3770 1066 3833 cui
1078 3768 1207 3833 subinde
1221 3776 1345 3853 propter

259 3886 422 3950 diuturnas
446 3884 720 3970 peregrinationes,
745 3883 806 3946 nisi
829 3882 867 3946 de
882 3881 1033 3947 industria
1048 3881 1144 3965 (quod
1158 3903 1263 3966 parum
1276 3903 1343 3965 pro-

259 3997 373 4085 babile)
398 3998 429 4061 id
452 3998 549 4061 faeere
572 3996 727 4080 putandus
752 4003 815 4073 est,
838 3994 946 4070 ξενικοὶ
966 3993 1058 4069 λέξεις
1079 3992 1215 4058 excidere
1235 3992 1343 4057 solent.

302 4115 366 4177 οὐκ
387 4111 471 4191 ἔχει
494 4110 725 4191 πορρησίοον.
749 4108 863 4172 Iisdem
881 4108 978 4172 verbis
995 4107 1162 4192 Polynyoes
1178 4106 1215 4170 de
1232 4105 1342 4169 exule

258 4228 357 4292 utitur
379 4226 494 4290 Phoen.
518 4227 597 4302 394,
618 4223 672 4288 ubi
695 4223 815 4287 Iocaste
839 4222 866 4286 ei
886 4222 1050 4307 respondet
1067 4221 1165 4286 δούλου
1181 4216 1240 4284 πόδ’
1253 4214 1341 4288 εἴποις

255 4341 297 4420 μὴ
320 4339 417 4417 λέγειν
440 4339 461 4403 οἳ
477 4363 524 4409 τις
540 4346 644 4420 φρονεῖ.
670 4337 804 4401 Gloriari
820 4337 920 4400 solent
938 4335 1155 4411 Athenienses,
1168 4342 1199 4397 et
1211 4330 1338 4410 merito,
