3112 4914
288 399 351 465 134
701 418 954 462 conuaurainus.

285 612 357 676 alibi
388 633 450 675 non
483 619 588 675 exstat.
620 609 702 675 Med.
727 614 791 677 574
815 613 927 683 ratlac
949 617 1124 678 τεκνοῦσθοοι.
1159 613 1206 678 Cf.
1231 613 1267 678 fr,
1293 618 1368 691 319,

284 733 353 791 cett.
385 725 504 810 Tragici
529 727 676 810 promisce
700 726 796 790 forma
820 727 917 790 activa
940 735 971 789 et
994 727 1094 790 media
1121 737 1260 791 utuntur.

329 847 403 909 439.
426 846 607 928 θνῄσκοντος.
634 843 679 906 De
702 844 828 926 antiqua
852 842 1037 907 Graecorum
1060 843 1282 907 cousuetudine
1300 843 1370 907 scri·

283 955 377 1021 bendi
412 957 470 1020 hoc
500 956 625 1019 verbum
658 978 726 1019 cum
757 957 820 1019 iota
851 956 1004 1040 adscripto
1029 957 1066 1020 cf.
1093 976 1271 1032 wucronin,
1298 958 1369 1021 Cur.

282 1073 390 1153 Epipr.
415 1092 442 1152 p.
468 1072 509 1132 45
528 1091 610 1153 sqq.,
635 1079 720 1132 etna
736 1087 855 1144 nocua,
873 1071 1070 1134 Romanasne
1092 1072 1369 1152 Πννίονονοίοιιιορονι,

283 1207 311 1267 p.
337 1186 411 1246 ala.
437 1182 652 1258 Consuetudo,
678 1181 749 1245 licet
774 1182 906 1266 Didymo
930 1181 1039 1260 ἄλογος
1056 1183 1119 1246 visa
1135 1184 1192 1259 sit,
1210 1183 1371 1247 retinenda

285 1304 329 1359 est
358 1303 478 1372 tamen,
514 1296 587 1379 quia
617 1295 797 1378 Euripidem
829 1317 898 1358 cum
930 1296 1108 1379 aequalibus
1138 1297 1181 1360 ita
1214 1296 1369 1380 scripsisse

285 1416 415 1473 constat.
439 1407 579 1472 Fortasse
602 1408 632 1473 h.
650 1409 669 1474 l.
694 1409 922 1492 obsequendum
943 1419 990 1472 est
1006 1409 1126 1473 Kockio
1143 1409 1369 1474 Veri-simil.

285 1544 353 1606 pag.
389 1523 469 1600 171,
502 1521 700 1606 probabiliter
731 1523 904 1586 emendanti
936 1524 1179 1597 θνήσκοντος.
1219 1522 1369 1601 „Liberos

285 1635 361 1698 clam
379 1636 524 1719 gignens,
544 1637 575 1699 si
591 1636 676 1719 quis
692 1658 817 1700 eorum
833 1636 1004 1713 moritur,
1021 1635 1183 1721 neglegit‚’'
1197 1638 1233 1702 cl.
1251 1637 1366 1723 Krueg.

285 1771 410 1833 gramm.
435 1772 479 1833 gr.
506 1751 557 1825 58,
583 1753 614 1826 4,
640 1754 674 1826 5;
700 1753 752 1826 61,
777 1754 807 1825 4,
838 1753 863 1813 1.
898 1743 992 1813 Recte
1009 1759 1111 1814 monet
1130 1751 1244 1815 frustra
1260 1751 1369 1815 Schoe-

285 1885 430 1926 maunum
464 1862 617 1945 vulgatam
650 1885 685 1924 eo
717 1862 895 1939 defendere,
928 1863 1010 1947 quod
1033 1866 1158 1939 aazias
1181 1864 1260 1927 nihil
1284 1864 1368 1927 aliud

286 1977 326 2039 sit
358 1997 449 2058 quam
481 1978 627 2054 σεριοροῖν,
659 1997 715 2038 nec
746 1974 913 2059 quidquam
947 1976 984 2039 ad
1017 1999 1079 2039 rem
1109 1977 1206 2041 facere
1229 1978 1368 2040 Platonis

286 2076 387 2153 locum
410 2089 523 2153 Pbaed.
549 2112 576 2173 p.
602 2092 643 2151 98
666 2089 694 2152 D
717 2090 873 2166 ἀμελήσας
890 2089 945 2161 τὰς
962 2091 997 2160 ὥς
1013 2091 1125 2164 άληθῶς
1142 2091 1241 2161 ciclos
1257 2091 1366 2167 λέγειν,

286 2225 348 2288 quo
383 2213 452 2287 post
483 2203 686 2267 Matthiaeum
717 2211 882 2290 provocent
905 2204 1085 2288 interpretes
1102 2205 1138 2288 l).
1174 2203 1290 2267 Eorum
1314 2205 1368 2288 qui

284 2317 463 2401 depravatae
487 2317 627 2382 lectionis
651 2319 852 2401 patrocinium
879 2325 1078 2402 susceperunt
1102 2318 1195 2381 miror
1214 2319 1366 2381 neminem

283 2453 462 2514 provocasse
499 2431 536 2494 ad
572 2431 700 2494 similem
734 2431 892 2495 verborum
925 2432 1117 2516 gaudendi
1149 2439 1179 2495 et
1210 2431 1368 2495 dolendi

283 2553 484 2621 structuram,
509 2567 599 2627 quam
624 2544 786 2629 Oropicam
812 2545 920 2608 dicunt
944 2553 1058 2608 veteres
1082 2546 1281 2629 grammatici.
1318 2544 1365 2608 df.

283 2656 376 2740 Soph.
410 2658 456 2720 Ai.
491 2660 552 2720 136
584 2658 617 2720 σὲ
645 2658 699 2733 μὲν
727 2652 758 2722 εὖ
782 2657 938 2736 πράσσοντ’
962 2656 1123 2737 ἕπιχοιίρω,
1149 2659 1201 2721 ubi
1226 2659 1366 2723 consulas

215 2755 217 2758 ⁵
255 2813 257 2817 -
283 2770 402 2833 doctam
427 2768 575 2834 Lobeckii
599 2771 834 2834 adnotationem.
867 2769 902 2832 In
928 2791 989 2853 qua
1012 2778 1113 2833 tamen
1138 2773 1366 2837 constructione

281 2883 401 2947 nullum
426 2892 530 2947 nostro
554 2884 621 2947 loco
647 2882 831 2966 praesidium
857 2905 1005 2947 essenon
1030 2883 1118 2947 facile
1142 2883 1226 2947 lallet
1243 2887 1366 2969 peritio-

280 3020 337 3061 res.
361 3033 404 3045 —
428 2999 477 3073 μὴ
501 2997 544 3060 σύ
569 3021 623 3074 γε.
656 2995 734 3059 Vide
761 2995 971 3060 Heindorfium
995 2997 1032 3060 ad
1058 2996 1179 3081 Protag.
1203 2999 1321 3063 3183.
1414 2976 1417 2982 ¹

326 3112 390 3172 440
408 3131 453 3194 sq.
478 3109 522 3174 cf.
547 3110 634 3174 Aiac.
661 3111 722 3172 133
740 3131 785 3192 sq.

326 3226 390 3286 442
407 3245 451 3305 sq.
486 3223 531 3286 De
555 3223 614 3286 diis
638 3220 864 3307 legislatoribus
887 3223 926 3287 cf.
952 3222 1043 3308 Soph.
1076 3225 1126 3288 Ai.
1154 3226 1365 3302 1130,1343,

281 3335 318 3401 Ο.
341 3335 377 3399 R.
403 3338 477 3411 865,
504 3338 576 3399 Aut.
602 3338 676 3410 454,
705 3335 757 3400 ubi
780 3334 928 3416 ἄνροιστοο
951 3339 1098 3418 κοὶσφοινιῆ
1124 3350 1271 3402 vocantur
1294 3340 1366 3403 deo-

280 3472 348 3513 rum
372 3449 498 3526 νόμιμοι,
526 3449 598 3513 Eur.
623 3448 729 3533 Suppl.
755 3453 829 3526 563,
855 3450 948 3536 Hipp.
973 3455 1024 3514 98.
1427 3430 1429 3434 ¹

325 3566 400 3625 443.
425 3562 548 3638 οὶνομίοιν
570 3561 765 3643 ὀφλισκάνειν.
790 3563 953 3648 Euripides
977 3587 1046 3627 cum
1071 3565 1129 3630 hoc
1150 3567 1240 3630 verbo
1258 3567 1366 3651 (dam-

280 3675 379 3753 nari,
403 3696 504 3738 reum
530 3676 627 3759 esse)
653 3683 807 3759 praeterea
831 3677 930 3758 iungit
955 3675 1148 3740 substantiva
1170 3680 1294 3758 μορίοιν,
1316 3680 1367 3743 δει-

282 3790 369 3862 alan,
395 3788 556 3868 οοὶσχύννν,
581 3789 730 3865 aaudiat,
753 3789 887 3865 βλάβην,
908 3789 1043 3864 staura,
1064 3789 1179 3869 ζημίοον,
1199 3790 1365 3876 Sophocles

279 3903 460 3978 οκοοιότντοο,
487 3902 581 3980 δίκην,
605 3905 720 3967 κοικίοιν.
745 3902 916 3986 Aeschylus
940 3924 1000 3966 uon
1025 3904 1085 3966 nisi
1109 3904 1202 3967 semel
1228 3928 1301 3968 usus
1320 3917 1365 3971 est

281 4019 386 4100 Agam.
419 4018 481 4078 aad
517 4015 630 4098 (δίκην).
657 4014 772 4078 Iustini
797 4026 826 4079 et
851 4015 1017 4079 Clementis
1041 4016 1132 4081 lectio
1155 4019 1269 4090 οὶδικίοις
1295 4021 1366 4085 indo

312 4291 337 4355 l)
360 4289 457 4339 Herod.
473 4290 538 4347 VII.
559 4293 605 4339 163
624 4290 718 4353 (rubras
732 4294 776 4354 μὲν
791 4297 831 4350 τὴν
848 4292 898 4340 ὁδὸν
914 4293 1056 4356 ἠμέλησε)
1075 4292 1227 4341 correxerim
1244 4303 1364 4356 praefixa.

277 4377 435 4444 Hesychius:
452 4382 611 4443 μεθημοοὺνη·
629 4383 736 4441 ἀμέλεια.
754 4385 876 4443 μεθήμων·
894 4382 990 4444 ἀμελής.
1010 4386 1094 4454 μεθῇς·
1113 4383 1238 4453 ἀμελήσῃς.
