<?xml version="1.0" encoding="UTF-8"?>
<!DOCTYPE html PUBLIC "-//W3C//DTD XHTML 1.0 Transitional//EN"
    "http://www.w3.org/TR/xhtml1/DTD/xhtml1-transitional.dtd">
<html xmlns="http://www.w3.org/1999/xhtml" xml:lang="en" lang="en">
 <head>
  <title>
</title>
<meta http-equiv="Content-Type" content="text/html;charset=utf-8" />
  <meta name='ocr-system' content='tesseract 3.04.00' />
  <meta name='ocr-capabilities' content='ocr_page ocr_carea ocr_par ocr_line ocrx_word'/>
</head>
<body>
  <div class='ocr_page' id='page_1' title='image "./in00herwgoog_0190.png"; bbox 0 0 3112 4914; ppageno 0'>
   <div class='ocr_carea' id='block_1_1' title="bbox 606 367 1273 434">
    <p class='ocr_par' dir='ltr' id='par_1_1' title="bbox 606 367 1273 434">
     <span class='ocr_line' id='line_1_1' title="bbox 606 367 1273 434; baseline 0 -3"><span class='ocrx_word' id='word_1_1' title='bbox 606 387 858 434; x_wconf 81' lang='lat' dir='ltr'>conuanmams.</span> <span class='ocrx_word' id='word_1_2' title='bbox 1212 367 1273 431; x_wconf 85' lang='lat'>169</span> 
     </span>
    </p>
   </div>
   <div class='ocr_carea' id='block_1_2' title="bbox 184 581 1275 1911">
    <p class='ocr_par' dir='ltr' id='par_1_2' title="bbox 189 581 1274 1004">
     <span class='ocr_line' id='line_1_2' title="bbox 236 581 1273 666; baseline -0.003 -19"><span class='ocrx_word' id='word_1_3' title='bbox 236 585 309 648; x_wconf 89' lang='grc'><strong>708.</strong></span> <span class='ocrx_word' id='word_1_4' title='bbox 335 582 478 658; x_wconf 72' lang='grc' dir='ltr'><em>πέλανον,</em></span> <span class='ocrx_word' id='word_1_5' title='bbox 504 582 677 658; x_wconf 85' lang='lat' dir='ltr'>victima,</span> <span class='ocrx_word' id='word_1_6' title='bbox 704 590 855 666; x_wconf 90' lang='lat' dir='ltr'>utsupra</span> <span class='ocrx_word' id='word_1_7' title='bbox 879 582 954 644; x_wconf 77' lang='grc'>227.</span> <span class='ocrx_word' id='word_1_8' title='bbox 971 581 1273 657; x_wconf 75' lang='grc' dir='ltr'><em>-καθοοννθσοος,</em></span> 
     </span>
     <span class='ocr_line' id='line_1_3' title="bbox 189 692 1273 777; baseline -0.003 -17"><span class='ocrx_word' id='word_1_9' title='bbox 189 695 288 760; x_wconf 86' lang='lat' dir='ltr'>Orest.</span> <span class='ocrx_word' id='word_1_10' title='bbox 312 699 353 759; x_wconf 70' lang='lat'>40</span> <span class='ocrx_word' id='word_1_11' title='bbox 380 696 444 773; x_wconf 76' lang='grc' dir='ltr'><em>πυρὶ</em></span> <span class='ocrx_word' id='word_1_12' title='bbox 468 696 717 771; x_wconf 69' lang='grc' dir='ltr'>καθήγνισται</span> <span class='ocrx_word' id='word_1_13' title='bbox 738 695 839 771; x_wconf 82' lang='grc' dir='ltr'><em>δέμας.</em></span> <span class='ocrx_word' id='word_1_14' title='bbox 864 694 1067 777; x_wconf 80' lang='lat' dir='ltr'>Frequentius</span> <span class='ocrx_word' id='word_1_15' title='bbox 1086 704 1131 756; x_wconf 88' lang='lat' dir='ltr'>est</span> <span class='ocrx_word' id='word_1_16' title='bbox 1150 692 1273 757; x_wconf 87' lang='lat' dir='ltr'>verbum</span> 
     </span>
     <span class='ocr_line' id='line_1_4' title="bbox 189 789 1274 893; baseline -0.002 -22"><span class='ocrx_word' id='word_1_17' title='bbox 189 809 330 893; x_wconf 82' lang='lat' dir='ltr'><strong>simplex.</strong></span> <span class='ocrx_word' id='word_1_18' title='bbox 354 808 462 893; x_wconf 83' lang='lat' dir='ltr'>Suppl.</span> <span class='ocrx_word' id='word_1_19' title='bbox 491 810 568 871; x_wconf 79' lang='grc'><strong>1911</strong></span> <span class='ocrx_word' id='word_1_20' title='bbox 598 808 709 885; x_wconf 78' lang='grc' dir='ltr'><em>σώμαθ’</em></span> <span class='ocrx_word' id='word_1_21' title='bbox 728 789 881 888; x_wconf 67' lang='grc' dir='ltr'><em>οἱννισθῆ</em></span> <span class='ocrx_word' id='word_1_22' title='bbox 901 807 967 886; x_wconf 82' lang='grc' dir='ltr'><em>πυρί</em></span> <span class='ocrx_word' id='word_1_23' title='bbox 975 855 983 882; x_wconf 97' lang='grc'><em>,</em></span> <span class='ocrx_word' id='word_1_24' title='bbox 1002 815 1072 871; x_wconf 85' lang='lat' dir='ltr'>eett.</span> <span class='ocrx_word' id='word_1_25' title='bbox 1097 805 1142 872; x_wconf 81' lang='lat' dir='ltr'>cf.</span> <span class='ocrx_word' id='word_1_26' title='bbox 1159 805 1274 870; x_wconf 86' lang='lat' dir='ltr'>Aneod.</span> 
     </span>
     <span class='ocr_line' id='line_1_5' title="bbox 189 920 1117 1004; baseline -0.001 -20"><span class='ocrx_word' id='word_1_27' title='bbox 189 920 286 985; x_wconf 86' lang='lat' dir='ltr'>Bekk.</span> <span class='ocrx_word' id='word_1_28' title='bbox 313 943 379 1004; x_wconf 82' lang='lat' dir='ltr'><strong>pag.</strong></span> <span class='ocrx_word' id='word_1_29' title='bbox 404 924 478 997; x_wconf 85' lang='grc'><strong>339,</strong></span> <span class='ocrx_word' id='word_1_30' title='bbox 505 924 523 983; x_wconf 88' lang='grc'><strong>9</strong></span> <span class='ocrx_word' id='word_1_31' title='bbox 549 930 579 984; x_wconf 90' lang='lat' dir='ltr'>et</span> <span class='ocrx_word' id='word_1_32' title='bbox 606 920 734 1004; x_wconf 84' lang='lat' dir='ltr'>Hesyoh.</span> <span class='ocrx_word' id='word_1_33' title='bbox 758 920 940 997; x_wconf 74' lang='grc' dir='ltr'><em>οὶννθσοοι·</em></span> <span class='ocrx_word' id='word_1_34' title='bbox 964 920 1117 984; x_wconf 75' lang='grc' dir='ltr'><em>οὶποθῦσοιι.</em></span> 
     </span>
    </p>

    <p class='ocr_par' dir='ltr' id='par_1_3' title="bbox 184 1031 1275 1911">
     <span class='ocr_line' id='line_1_6' title="bbox 237 1031 1273 1118; baseline -0.003 -19"><span class='ocrx_word' id='word_1_35' title='bbox 237 1038 298 1100; x_wconf 92' lang='grc'>799</span> <span class='ocrx_word' id='word_1_36' title='bbox 317 1057 382 1118; x_wconf 88' lang='lat' dir='ltr'>sqq.</span> <span class='ocrx_word' id='word_1_37' title='bbox 413 1034 579 1110; x_wconf 78' lang='lat' dir='ltr'><strong>Lacunam,</strong></span> <span class='ocrx_word' id='word_1_38' title='bbox 605 1035 770 1098; x_wconf 82' lang='lat' dir='ltr'>indicatam</span> <span class='ocrx_word' id='word_1_39' title='bbox 793 1056 810 1096; x_wconf 91' lang='lat' dir='ltr'>a</span> <span class='ocrx_word' id='word_1_40' title='bbox 834 1032 978 1110; x_wconf 82' lang='lat' dir='ltr'>Cantero,</span> <span class='ocrx_word' id='word_1_41' title='bbox 1003 1034 1118 1096; x_wconf 86' lang='lat' dir='ltr'>frustra</span> <span class='ocrx_word' id='word_1_42' title='bbox 1141 1031 1273 1117; x_wconf 77' lang='lat' dir='ltr'><strong>expleas.</strong></span> 
     </span>
     <span class='ocr_line' id='line_1_7' title="bbox 187 1147 1275 1232; baseline -0.002 -20"><span class='ocrx_word' id='word_1_43' title='bbox 187 1149 385 1212; x_wconf 67' lang='lat' dir='ltr'>comminisci</span> <span class='ocrx_word' id='word_1_44' title='bbox 408 1147 527 1231; x_wconf 89' lang='lat' dir='ltr'>aliquid</span> <span class='ocrx_word' id='word_1_45' title='bbox 551 1148 667 1232; x_wconf 88' lang='lat' dir='ltr'>possis,</span> <span class='ocrx_word' id='word_1_46' title='bbox 701 1148 790 1230; x_wconf 85' lang='lat' dir='ltr'>quale</span> <span class='ocrx_word' id='word_1_47' title='bbox 814 1147 966 1231; x_wconf 86' lang='lat' dir='ltr'>estquod</span> <span class='ocrx_word' id='word_1_48' title='bbox 992 1155 1080 1211; x_wconf 86' lang='lat' dir='ltr'>acute</span> <span class='ocrx_word' id='word_1_49' title='bbox 1105 1169 1176 1211; x_wconf 86' lang='lat' dir='ltr'>sane</span> <span class='ocrx_word' id='word_1_50' title='bbox 1201 1168 1275 1210; x_wconf 87' lang='lat' dir='ltr'>eon·</span> 
     </span>
     <span class='ocr_line' id='line_1_8' title="bbox 187 1260 1272 1344; baseline -0.005 -19"><span class='ocrx_word' id='word_1_51' title='bbox 187 1263 258 1325; x_wconf 86' lang='lat' dir='ltr'>iecit</span> <span class='ocrx_word' id='word_1_52' title='bbox 291 1260 490 1334; x_wconf 90' lang='lat' dir='ltr'>Heimsoeth,</span> <span class='ocrx_word' id='word_1_53' title='bbox 524 1262 578 1344; x_wconf 90' lang='lat' dir='ltr'>qui</span> <span class='ocrx_word' id='word_1_54' title='bbox 605 1262 706 1324; x_wconf 87' lang='lat' dir='ltr'>locum</span> <span class='ocrx_word' id='word_1_55' title='bbox 730 1262 773 1324; x_wconf 89' lang='lat' dir='ltr'>sio</span> <span class='ocrx_word' id='word_1_56' title='bbox 797 1261 959 1324; x_wconf 83' lang='lat' dir='ltr'>constituit</span> <span class='ocrx_word' id='word_1_57' title='bbox 982 1260 1071 1341; x_wconf 73' lang='lat' dir='ltr'>K.S.</span> <span class='ocrx_word' id='word_1_58' title='bbox 1096 1283 1164 1344; x_wconf 86' lang='lat' dir='ltr'><strong>pag.</strong></span> <span class='ocrx_word' id='word_1_59' title='bbox 1190 1262 1272 1323; x_wconf 80' lang='lat'>384:</span> 
     </span>
     <span class='ocr_line' id='line_1_9' title="bbox 184 1372 1272 1461; baseline -0.004 -22"><span class='ocrx_word' id='word_1_60' title='bbox 184 1377 217 1440; x_wconf 86' lang='grc' dir='ltr'><em>τό</em></span> <span class='ocrx_word' id='word_1_61' title='bbox 242 1376 266 1438; x_wconf 80' lang='grc' dir='ltr'>δ’</span> <span class='ocrx_word' id='word_1_62' title='bbox 287 1377 355 1450; x_wconf 80' lang='grc' dir='ltr'><em>ἐμὸν</em></span> <span class='ocrx_word' id='word_1_63' title='bbox 378 1372 487 1438; x_wconf 74' lang='grc' dir='ltr'><em>εἵσεται</em></span> <span class='ocrx_word' id='word_1_64' title='bbox 508 1372 513 1461; x_wconf 87' lang='grc' dir='ltr'>Ι</span> <span class='ocrx_word' id='word_1_65' title='bbox 534 1376 639 1456; x_wconf 86' lang='grc' dir='ltr'><em>(πότνι’</em></span> <span class='ocrx_word' id='word_1_66' title='bbox 659 1375 733 1456; x_wconf 72' lang='grc' dir='ltr'><em>ἐμοὶ)</em></span> <span class='ocrx_word' id='word_1_67' title='bbox 748 1374 844 1455; x_wconf 79' lang='grc' dir='ltr'><em>φίλα,</em></span> <span class='ocrx_word' id='word_1_68' title='bbox 861 1374 864 1454; x_wconf 78' lang='lat' dir='ltr'>l</span> <span class='ocrx_word' id='word_1_69' title='bbox 879 1374 1012 1456; x_wconf 81' lang='grc' dir='ltr'><em>τύραννος</em></span> <span class='ocrx_word' id='word_1_70' title='bbox 1024 1375 1061 1445; x_wconf 77' lang='grc' dir='ltr'>ὡς</span> <span class='ocrx_word' id='word_1_71' title='bbox 1073 1372 1272 1460; x_wconf 64' lang='grc' dir='ltr'><em>(νενεθλθωνΗ</em></span> 
     </span>
     <span class='ocr_line' id='line_1_10' title="bbox 185 1479 1274 1573; baseline -0.005 -19"><span class='ocrx_word' id='word_1_72' title='bbox 185 1490 235 1564; x_wconf 75' lang='grc' dir='ltr'>ἤδη</span> <span class='ocrx_word' id='word_1_73' title='bbox 252 1479 256 1487; x_wconf 62' lang='grc'><em>’</em></span> <span class='ocrx_word' id='word_1_74' title='bbox 272 1489 367 1559; x_wconf 73' lang='grc' dir='ltr'><em>πέλοις</em></span> <span class='ocrx_word' id='word_1_75' title='bbox 404 1488 521 1552; x_wconf 75' lang='grc' dir='ltr'><em>δείπνων</em></span> <span class='ocrx_word' id='word_1_76' title='bbox 557 1497 634 1566; x_wconf 83' lang='grc' dir='ltr'><em>κυρεῖ</em></span> <span class='ocrx_word' id='word_1_77' title='bbox 653 1486 659 1573; x_wconf 88' lang='grc' dir='ltr'>Ι</span> <span class='ocrx_word' id='word_1_78' title='bbox 679 1487 776 1552; x_wconf 86' lang='grc' dir='ltr'><em>τέκνου</em></span> <span class='ocrx_word' id='word_1_79' title='bbox 809 1490 905 1568; x_wconf 71' lang='grc' dir='ltr'><em>πατὴρ</em></span> <span class='ocrx_word' id='word_1_80' title='bbox 936 1487 992 1558; x_wconf 79' lang='grc' dir='ltr'><em>νέος</em></span> <span class='ocrx_word' id='word_1_81' title='bbox 1024 1487 1093 1552; x_wconf 78' lang='grc' dir='ltr'><em>νέου.</em></span> <span class='ocrx_word' id='word_1_82' title='bbox 1137 1484 1274 1549; x_wconf 87' lang='lat' dir='ltr'>Badham</span> 
     </span>
     <span class='ocr_line' id='line_1_11' title="bbox 186 1594 1274 1688; baseline -0.004 -22"><span class='ocrx_word' id='word_1_83' title='bbox 186 1594 357 1687; x_wconf 78' lang='lat' dir='ltr'>exspectat:</span> <span class='ocrx_word' id='word_1_84' title='bbox 391 1601 424 1666; x_wconf 84' lang='grc' dir='ltr'>πθ</span> <span class='ocrx_word' id='word_1_85' title='bbox 457 1600 481 1664; x_wconf 76' lang='grc' dir='ltr'>θ’</span> <span class='ocrx_word' id='word_1_86' title='bbox 505 1601 573 1678; x_wconf 64' lang='lat' dir='ltr'>eata</span> <span class='ocrx_word' id='word_1_87' title='bbox 604 1600 713 1665; x_wconf 76' lang='grc' dir='ltr'><em>εἵσεται</em></span> <span class='ocrx_word' id='word_1_88' title='bbox 734 1599 739 1688; x_wconf 85' lang='grc' dir='ltr'>Ι</span> <span class='ocrx_word' id='word_1_89' title='bbox 759 1601 892 1680; x_wconf 80' lang='grc' dir='ltr'><em>τύραννος</em></span> <span class='ocrx_word' id='word_1_90' title='bbox 920 1602 1000 1682; x_wconf 71' lang='grc' dir='ltr'><em>φόνια</em></span> <span class='ocrx_word' id='word_1_91' title='bbox 1025 1600 1180 1684; x_wconf 78' lang='grc' dir='ltr'><em>(πρόθυμον</em></span> <span class='ocrx_word' id='word_1_92' title='bbox 1203 1599 1274 1675; x_wconf 76' lang='grc' dir='ltr'><em>ἡνίκ’</em></span> 
     </span>
     <span class='ocr_line' id='line_1_12' title="bbox 186 1712 1274 1799; baseline -0.004 -20"><span class='ocrx_word' id='word_1_93' title='bbox 186 1715 322 1799; x_wconf 81' lang='grc' dir='ltr'><em>ἐκποδὼν)</em></span> <span class='ocrx_word' id='word_1_94' title='bbox 346 1715 396 1790; x_wconf 73' lang='grc' dir='ltr'>ἤδη</span> <span class='ocrx_word' id='word_1_95' title='bbox 421 1715 516 1785; x_wconf 78' lang='grc' dir='ltr'><em>πέλοις</em></span> <span class='ocrx_word' id='word_1_96' title='bbox 541 1714 658 1778; x_wconf 74' lang='grc' dir='ltr'><em>θεόπνιον</em></span> <span class='ocrx_word' id='word_1_97' title='bbox 681 1715 838 1792; x_wconf 68' lang='lat' dir='ltr'>nepotari.</span> <span class='ocrx_word' id='word_1_98' title='bbox 868 1713 959 1777; x_wconf 86' lang='lat' dir='ltr'>Valet</span> <span class='ocrx_word' id='word_1_99' title='bbox 982 1714 1013 1778; x_wconf 94' lang='lat' dir='ltr'>in</span> <span class='ocrx_word' id='word_1_100' title='bbox 1038 1712 1152 1777; x_wconf 88' lang='lat' dir='ltr'>talibus</span> <span class='ocrx_word' id='word_1_101' title='bbox 1169 1712 1274 1776; x_wconf 83' lang='lat' dir='ltr'>(letul-</span> 
     </span>
     <span class='ocr_line' id='line_1_13' title="bbox 186 1822 1274 1911; baseline 0.001 -22"><span class='ocrx_word' id='word_1_102' title='bbox 186 1827 303 1891; x_wconf 90' lang='lat' dir='ltr'>lianum</span> <span class='ocrx_word' id='word_1_103' title='bbox 332 1827 426 1891; x_wconf 88' lang='lat' dir='ltr'>illud:</span> <span class='ocrx_word' id='word_1_104' title='bbox 460 1827 564 1910; x_wconf 91' lang='lat' dir='ltr'>quod</span> <span class='ocrx_word' id='word_1_105' title='bbox 590 1825 702 1889; x_wconf 87' lang='lat' dir='ltr'>vides</span> <span class='ocrx_word' id='word_1_106' title='bbox 727 1828 885 1910; x_wconf 89' lang='lat' dir='ltr'>perisse</span> <span class='ocrx_word' id='word_1_107' title='bbox 909 1826 1115 1911; x_wconf 88' lang='lat' dir='ltr'>perditum</span> <span class='ocrx_word' id='word_1_108' title='bbox 1134 1822 1274 1890; x_wconf 75' lang='lat' dir='ltr'>‘ducas</span> 
     </span>
    </p>
   </div>
   <div class='ocr_carea' id='block_1_3' title="bbox 236 1938 1378 2021">
    <p class='ocr_par' dir='ltr' id='par_1_4' title="bbox 236 1938 1378 2021">
     <span class='ocr_line' id='line_1_14' title="bbox 236 1938 1378 2021; baseline -0.001 -17"><span class='ocrx_word' id='word_1_109' title='bbox 236 1944 312 2004; x_wconf 79' lang='lat'>714.</span> <span class='ocrx_word' id='word_1_110' title='bbox 337 1939 460 2013; x_wconf 79' lang='grc' dir='ltr'><em>δειρόδες</em></span> <span class='ocrx_word' id='word_1_111' title='bbox 483 1941 646 2021; x_wconf 85' lang='grc' dir='ltr'><em>Παρνόσου.</em></span> <span class='ocrx_word' id='word_1_112' title='bbox 671 1938 717 2004; x_wconf 83' lang='lat' dir='ltr'>Of.</span> <span class='ocrx_word' id='word_1_113' title='bbox 742 1939 856 2004; x_wconf 87' lang='lat' dir='ltr'>Phoen.</span> <span class='ocrx_word' id='word_1_114' title='bbox 882 1943 946 2003; x_wconf 75' lang='lat'>214</span> <span class='ocrx_word' id='word_1_115' title='bbox 969 1940 1105 2021; x_wconf 73' lang='grc' dir='ltr'><em>πετρίνας</em></span> <span class='ocrx_word' id='word_1_116' title='bbox 1124 1939 1273 2019; x_wconf 59' lang='lat' dir='ltr'>assistas,</span> <span class='ocrx_word' id='word_1_117' title='bbox 1376 1966 1378 1971; x_wconf 94' lang='lat'>·</span> 
     </span>
    </p>
   </div>
   <div class='ocr_carea' id='block_1_4' title="bbox 119 2051 1357 3274">
    <p class='ocr_par' dir='ltr' id='par_1_5' title="bbox 119 2051 1275 2251">
     <span class='ocr_line' id='line_1_15' title="bbox 119 2051 1275 2137; baseline 0.001 -21"><span class='ocrx_word' id='word_1_118' title='bbox 119 2108 121 2115; x_wconf 71' lang='lat'>.</span> <span class='ocrx_word' id='word_1_119' title='bbox 186 2053 256 2137; x_wconf 91' lang='lat' dir='ltr'><strong>Iph.</strong></span> <span class='ocrx_word' id='word_1_120' title='bbox 281 2053 315 2117; x_wconf 77' lang='lat' dir='ltr'>T.</span> <span class='ocrx_word' id='word_1_121' title='bbox 342 2055 426 2116; x_wconf 90' lang='grc'><strong>1999</strong></span> <span class='ocrx_word' id='word_1_122' title='bbox 451 2053 591 2129; x_wconf 84' lang='grc' dir='ltr'><em>πεπροοόοος</em></span> <span class='ocrx_word' id='word_1_123' title='bbox 616 2051 755 2132; x_wconf 75' lang='grc' dir='ltr'><em>δειροόόος,</em></span> <span class='ocrx_word' id='word_1_124' title='bbox 784 2053 834 2119; x_wconf 82' lang='lat' dir='ltr'>Ai.</span> <span class='ocrx_word' id='word_1_125' title='bbox 860 2056 933 2117; x_wconf 90' lang='grc'><strong>697.</strong></span> <span class='ocrx_word' id='word_1_126' title='bbox 955 2091 999 2102; x_wconf 93' lang='grc'><strong>-</strong></span> <span class='ocrx_word' id='word_1_127' title='bbox 1023 2053 1169 2132; x_wconf 78' lang='grc' dir='ltr'><em>πέτρας</em></span> <span class='ocrx_word' id='word_1_128' title='bbox 1192 2053 1275 2117; x_wconf 89' lang='grc' dir='ltr'><em>σκό-</em></span> 
     </span>
     <span class='ocr_line' id='line_1_16' title="bbox 187 2165 1061 2251; baseline 0.001 -22"><span class='ocrx_word' id='word_1_129' title='bbox 187 2183 306 2230; x_wconf 72' lang='grc' dir='ltr'><em>πεκον</em></span> <span class='ocrx_word' id='word_1_130' title='bbox 329 2166 418 2250; x_wconf 84' lang='lat' dir='ltr'>iungi</span> <span class='ocrx_word' id='word_1_131' title='bbox 441 2165 551 2230; x_wconf 87' lang='lat' dir='ltr'>debere</span> <span class='ocrx_word' id='word_1_132' title='bbox 574 2176 717 2251; x_wconf 86' lang='lat' dir='ltr'>apparet,</span> <span class='ocrx_word' id='word_1_133' title='bbox 744 2165 782 2230; x_wconf 92' lang='lat' dir='ltr'>ol.</span> <span class='ocrx_word' id='word_1_134' title='bbox 807 2188 848 2230; x_wconf 83' lang='lat' dir='ltr'>vs.</span> <span class='ocrx_word' id='word_1_135' title='bbox 874 2170 938 2231; x_wconf 77' lang='lat'>274</span> <span class='ocrx_word' id='word_1_136' title='bbox 962 2188 1061 2251; x_wconf 88' lang='lat' dir='ltr'>snpra.</span> 
     </span>
    </p>

    <p class='ocr_par' dir='ltr' id='par_1_6' title="bbox 183 2280 1357 3274">
     <span class='ocr_line' id='line_1_17' title="bbox 235 2280 1275 2366; baseline -0.003 -20"><span class='ocrx_word' id='word_1_137' title='bbox 235 2285 298 2346; x_wconf 87' lang='grc'>716</span> <span class='ocrx_word' id='word_1_138' title='bbox 321 2303 386 2365; x_wconf 90' lang='lat' dir='ltr'>sqq.</span> <span class='ocrx_word' id='word_1_139' title='bbox 416 2282 499 2347; x_wconf 85' lang='lat' dir='ltr'>Haeo</span> <span class='ocrx_word' id='word_1_140' title='bbox 522 2283 633 2346; x_wconf 87' lang='lat' dir='ltr'>ohorus</span> <span class='ocrx_word' id='word_1_141' title='bbox 657 2290 823 2358; x_wconf 85' lang='lat' dir='ltr'>memorat,</span> <span class='ocrx_word' id='word_1_142' title='bbox 848 2283 921 2366; x_wconf 85' lang='lat' dir='ltr'>quia</span> <span class='ocrx_word' id='word_1_143' title='bbox 945 2304 1073 2366; x_wconf 89' lang='lat' dir='ltr'>puerum</span> <span class='ocrx_word' id='word_1_144' title='bbox 1098 2280 1275 2345; x_wconf 89' lang='lat' dir='ltr'>Baoohana·</span> 
     </span>
     <span class='ocr_line' id='line_1_18' title="bbox 186 2389 1357 2480; baseline 0.001 -23"><span class='ocrx_word' id='word_1_145' title='bbox 186 2389 268 2458; x_wconf 87' lang='lat' dir='ltr'>libus</span> <span class='ocrx_word' id='word_1_146' title='bbox 293 2404 482 2478; x_wconf 86' lang='lat' dir='ltr'>proereatum</span> <span class='ocrx_word' id='word_1_147' title='bbox 507 2418 572 2459; x_wconf 90' lang='lat' dir='ltr'>esse</span> <span class='ocrx_word' id='word_1_148' title='bbox 596 2396 753 2459; x_wconf 86' lang='lat' dir='ltr'>audiverat</span> <span class='ocrx_word' id='word_1_149' title='bbox 769 2418 860 2480; x_wconf 87' lang='lat' dir='ltr'>supra</span> <span class='ocrx_word' id='word_1_150' title='bbox 877 2398 941 2457; x_wconf 87' lang='grc'>553</span> <span class='ocrx_word' id='word_1_151' title='bbox 959 2417 1026 2480; x_wconf 93' lang='lat' dir='ltr'>sqq.</span> <span class='ocrx_word' id='word_1_152' title='bbox 1044 2432 1089 2443; x_wconf 93' lang='lat'><em>-</em></span> <span class='ocrx_word' id='word_1_153' title='bbox 1107 2393 1273 2458; x_wconf 89' lang='grc' dir='ltr'><em>νυκτιπό-</em></span> <span class='ocrx_word' id='word_1_154' title='bbox 1354 2460 1357 2465; x_wconf 17' lang='grc'><em>4</em></span> 
     </span>
     <span class='ocr_line' id='line_1_19' title="bbox 183 2507 1272 2591; baseline -0.002 -19"><span class='ocrx_word' id='word_1_155' title='bbox 183 2522 286 2584; x_wconf 68' lang='grc' dir='ltr'><em>θοις,</em></span> <span class='ocrx_word' id='word_1_156' title='bbox 310 2509 474 2572; x_wconf 85' lang='lat' dir='ltr'>formatum</span> <span class='ocrx_word' id='word_1_157' title='bbox 500 2517 536 2572; x_wconf 88' lang='lat' dir='ltr'>ut</span> <span class='ocrx_word' id='word_1_158' title='bbox 558 2508 713 2591; x_wconf 80' lang='grc' dir='ltr'><em>πνρπόλος,</em></span> <span class='ocrx_word' id='word_1_159' title='bbox 729 2510 911 2590; x_wconf 78' lang='grc' dir='ltr'><em>όνειροπόλος,</em></span> <span class='ocrx_word' id='word_1_160' title='bbox 929 2508 995 2573; x_wconf 77' lang='lat' dir='ltr'>alia.</span> <span class='ocrx_word' id='word_1_161' title='bbox 1020 2507 1066 2573; x_wconf 79' lang='lat' dir='ltr'>cf.</span> <span class='ocrx_word' id='word_1_162' title='bbox 1086 2511 1170 2572; x_wconf 79' lang='lat'>1049</span> <span class='ocrx_word' id='word_1_163' title='bbox 1189 2517 1219 2571; x_wconf 88' lang='lat' dir='ltr'>et</span> <span class='ocrx_word' id='word_1_164' title='bbox 1236 2507 1272 2571; x_wconf 89' lang='grc'><strong>1.</strong></span> 
     </span>
     <span class='ocr_line' id='line_1_20' title="bbox 187 2620 1273 2706; baseline -0.001 -20"><span class='ocrx_word' id='word_1_165' title='bbox 187 2625 228 2686; x_wconf 79' lang='lat'>47</span> <span class='ocrx_word' id='word_1_166' title='bbox 234 2625 252 2684; x_wconf 85' lang='lat'>5</span> <span class='ocrx_word' id='word_1_167' title='bbox 282 2625 325 2698; x_wconf 82' lang='lat' dir='ltr'>A,</span> <span class='ocrx_word' id='word_1_168' title='bbox 357 2621 410 2685; x_wconf 89' lang='lat' dir='ltr'>ubi</span> <span class='ocrx_word' id='word_1_169' title='bbox 439 2622 504 2706; x_wconf 84' lang='lat' dir='ltr'>ipse</span> <span class='ocrx_word' id='word_1_170' title='bbox 536 2621 676 2686; x_wconf 85' lang='lat' dir='ltr'>Bacchus</span> <span class='ocrx_word' id='word_1_171' title='bbox 709 2623 869 2706; x_wconf 78' lang='grc' dir='ltr'><em>(Ζανρεός)</em></span> <span class='ocrx_word' id='word_1_172' title='bbox 900 2621 987 2686; x_wconf 90' lang='lat' dir='ltr'>audit</span> <span class='ocrx_word' id='word_1_173' title='bbox 1019 2620 1198 2693; x_wconf 75' lang='grc' dir='ltr'><em>νυκτιπόλος.</em></span> <span class='ocrx_word' id='word_1_174' title='bbox 1229 2658 1273 2668; x_wconf 98' lang='grc'>-</span> 
     </span>
     <span class='ocr_line' id='line_1_21' title="bbox 187 2732 1274 2820; baseline 0 -22"><span class='ocrx_word' id='word_1_175' title='bbox 187 2732 255 2813; x_wconf 84' lang='grc' dir='ltr'><em>όόροα</em></span> <span class='ocrx_word' id='word_1_176' title='bbox 289 2735 341 2799; x_wconf 85' lang='grc' dir='ltr'>σὺν</span> <span class='ocrx_word' id='word_1_177' title='bbox 374 2735 544 2811; x_wconf 84' lang='lat' dir='ltr'>rarissime,</span> <span class='ocrx_word' id='word_1_178' title='bbox 577 2735 604 2798; x_wconf 89' lang='lat' dir='ltr'>si</span> <span class='ocrx_word' id='word_1_179' title='bbox 633 2757 782 2819; x_wconf 90' lang='lat' dir='ltr'>usquam,</span> <span class='ocrx_word' id='word_1_180' title='bbox 816 2736 897 2820; x_wconf 88' lang='lat' dir='ltr'>apud</span> <span class='ocrx_word' id='word_1_181' title='bbox 930 2735 1062 2819; x_wconf 78' lang='lat' dir='ltr'>tragicos</span> <span class='ocrx_word' id='word_1_182' title='bbox 1094 2736 1137 2798; x_wconf 85' lang='lat' dir='ltr'>sio</span> <span class='ocrx_word' id='word_1_183' title='bbox 1168 2736 1274 2798; x_wconf 86' lang='lat' dir='ltr'>innota</span> 
     </span>
     <span class='ocr_line' id='line_1_22' title="bbox 187 2847 1272 2935; baseline -0.002 -23"><span class='ocrx_word' id='word_1_184' title='bbox 187 2850 328 2934; x_wconf 88' lang='lat' dir='ltr'>reperies.</span> <span class='ocrx_word' id='word_1_185' title='bbox 373 2848 537 2913; x_wconf 86' lang='lat' dir='ltr'>Diversum</span> <span class='ocrx_word' id='word_1_186' title='bbox 570 2856 632 2926; x_wconf 91' lang='lat' dir='ltr'>est,</span> <span class='ocrx_word' id='word_1_187' title='bbox 665 2849 746 2932; x_wconf 92' lang='lat' dir='ltr'>quod</span> <span class='ocrx_word' id='word_1_188' title='bbox 779 2849 857 2913; x_wconf 83' lang='lat' dir='ltr'>dixit</span> <span class='ocrx_word' id='word_1_189' title='bbox 887 2848 1054 2935; x_wconf 80' lang='lat' dir='ltr'>Sophocles</span> <span class='ocrx_word' id='word_1_190' title='bbox 1076 2847 1183 2913; x_wconf 77' lang='lat' dir='ltr'>Traeh.</span> <span class='ocrx_word' id='word_1_191' title='bbox 1209 2849 1272 2915; x_wconf 78' lang='grc'>799</span> 
     </span>
     <span class='ocr_line' id='line_1_23' title="bbox 187 2960 1273 3044; baseline -0.001 -18"><span class='ocrx_word' id='word_1_192' title='bbox 187 2962 284 3044; x_wconf 81' lang='grc' dir='ltr'><em>ταότρ</em></span> <span class='ocrx_word' id='word_1_193' title='bbox 308 2963 359 3026; x_wconf 87' lang='grc' dir='ltr'>σὺν</span> <span class='ocrx_word' id='word_1_194' title='bbox 381 2965 453 3043; x_wconf 73' lang='grc' dir='ltr'><em>ὁρμῇ</em></span> <span class='ocrx_word' id='word_1_195' title='bbox 477 2963 555 3040; x_wconf 76' lang='grc' dir='ltr'><em>κοθροὲ</em></span> <span class='ocrx_word' id='word_1_196' title='bbox 577 2965 721 3028; x_wconf 80' lang='grc' dir='ltr'><em>συνθανεῖν</em></span> <span class='ocrx_word' id='word_1_197' title='bbox 737 2961 812 3040; x_wconf 67' lang='lat' dir='ltr'>tea.</span> <span class='ocrx_word' id='word_1_198' title='bbox 837 2963 919 3026; x_wconf 88' lang='lat' dir='ltr'>Hine</span> <span class='ocrx_word' id='word_1_199' title='bbox 934 2963 1062 3026; x_wconf 85' lang='lat' dir='ltr'>fortasse</span> <span class='ocrx_word' id='word_1_200' title='bbox 1078 2960 1273 3026; x_wconf 86' lang='lat' dir='ltr'>scribendum</span> 
     </span>
     <span class='ocr_line' id='line_1_24' title="bbox 188 3074 1272 3158; baseline -0.001 -19"><span class='ocrx_word' id='word_1_201' title='bbox 188 3074 256 3152; x_wconf 83' lang='grc' dir='ltr'><em>όόροοο</em></span> <span class='ocrx_word' id='word_1_202' title='bbox 280 3074 546 3154; x_wconf 75' lang='grc' dir='ltr'><em>σνρνβοόκχοις.</em></span> <span class='ocrx_word' id='word_1_203' title='bbox 571 3075 616 3140; x_wconf 82' lang='lat' dir='ltr'>Of.</span> <span class='ocrx_word' id='word_1_204' title='bbox 633 3076 742 3142; x_wconf 84' lang='lat' dir='ltr'>Troad.</span> <span class='ocrx_word' id='word_1_205' title='bbox 760 3078 822 3139; x_wconf 89' lang='grc'><strong>599</strong></span> <span class='ocrx_word' id='word_1_206' title='bbox 841 3083 871 3139; x_wconf 90' lang='lat' dir='ltr'>et</span> <span class='ocrx_word' id='word_1_207' title='bbox 887 3074 1086 3139; x_wconf 89' lang='lat' dir='ltr'>Philodemus</span> <span class='ocrx_word' id='word_1_208' title='bbox 1099 3097 1145 3158; x_wconf 87' lang='lat' dir='ltr'>ap.</span> <span class='ocrx_word' id='word_1_209' title='bbox 1159 3075 1272 3138; x_wconf 83' lang='lat' dir='ltr'>Athen.</span> 
     </span>
     <span class='ocr_line' id='line_1_25' title="bbox 189 3187 1290 3274; baseline 0.001 -23"><span class='ocrx_word' id='word_1_210' title='bbox 189 3188 229 3266; x_wconf 89' lang='lat' dir='ltr'>X,</span> <span class='ocrx_word' id='word_1_211' title='bbox 263 3212 291 3274; x_wconf 92' lang='lat' dir='ltr'>p.</span> <span class='ocrx_word' id='word_1_212' title='bbox 323 3193 398 3253; x_wconf 73' lang='lat'>445.</span> <span class='ocrx_word' id='word_1_213' title='bbox 440 3188 524 3267; x_wconf 74' lang='lat' dir='ltr'>Quia</span> <span class='ocrx_word' id='word_1_214' title='bbox 546 3190 625 3253; x_wconf 90' lang='lat' dir='ltr'>enim</span> <span class='ocrx_word' id='word_1_215' title='bbox 651 3191 716 3273; x_wconf 90' lang='lat' dir='ltr'>ipse</span> <span class='ocrx_word' id='word_1_216' title='bbox 740 3190 875 3259; x_wconf 90' lang='grc' dir='ltr'><em>Διόνυσος</em></span> <span class='ocrx_word' id='word_1_217' title='bbox 899 3188 1014 3253; x_wconf 86' lang='lat' dir='ltr'>dieitur</span> <span class='ocrx_word' id='word_1_218' title='bbox 1036 3188 1172 3267; x_wconf 80' lang='grc' dir='ltr'><em>Βόκχος,</em></span> <span class='ocrx_word' id='word_1_219' title='bbox 1198 3187 1290 3262; x_wconf 59' lang='lat' dir='ltr'>Boius</span> 
     </span>
    </p>
   </div>
   <div class='ocr_carea' id='block_1_5' title="bbox 188 3291 1239 3386">
    <p class='ocr_par' dir='ltr' id='par_1_7' title="bbox 188 3291 1239 3386">
     <span class='ocr_line' id='line_1_26' title="bbox 188 3291 1239 3386; baseline -0.001 -20"><span class='ocrx_word' id='word_1_220' title='bbox 188 3291 450 3382; x_wconf 53' lang='grc' dir='ltr'><em>χιος,’Βοοκχεός,</em></span> <span class='ocrx_word' id='word_1_221' title='bbox 475 3312 555 3365; x_wconf 87' lang='lat' dir='ltr'>reete</span> <span class='ocrx_word' id='word_1_222' title='bbox 578 3301 720 3386; x_wconf 79' lang='lat' dir='ltr'>Thyades</span> <span class='ocrx_word' id='word_1_223' title='bbox 744 3302 857 3378; x_wconf 78' lang='lat' dir='ltr'>dixeris</span> <span class='ocrx_word' id='word_1_224' title='bbox 879 3301 936 3365; x_wconf 91' lang='lat' dir='ltr'>deo</span> <span class='ocrx_word' id='word_1_225' title='bbox 960 3300 1239 3382; x_wconf 62' lang='lat' dir='ltr'>quadriremes.</span> 
     </span>
    </p>
   </div>
   <div class='ocr_carea' id='block_1_6' title="bbox 126 3415 1276 4408">
    <p class='ocr_par' dir='ltr' id='par_1_8' title="bbox 126 3415 1276 4408">
     <span class='ocr_line' id='line_1_27' title="bbox 126 3415 1275 3499; baseline 0 -22"><span class='ocrx_word' id='word_1_226' title='bbox 126 3456 128 3459; x_wconf 94' lang='lat'>-</span> <span class='ocrx_word' id='word_1_227' title='bbox 236 3418 308 3478; x_wconf 78' lang='grc'><strong>729.</strong></span> <span class='ocrx_word' id='word_1_228' title='bbox 343 3417 433 3479; x_wconf 86' lang='grc' dir='ltr'><em>νέαν</em></span> <span class='ocrx_word' id='word_1_229' title='bbox 468 3416 632 3494; x_wconf 74' lang='grc' dir='ltr'><em>ἡμέραν,</em></span> <span class='ocrx_word' id='word_1_230' title='bbox 668 3416 944 3493; x_wconf 85' lang='lat' dir='ltr'>iuventutem,</span> <span class='ocrx_word' id='word_1_231' title='bbox 983 3424 1017 3479; x_wconf 89' lang='lat' dir='ltr'>ut</span> <span class='ocrx_word' id='word_1_232' title='bbox 1050 3437 1138 3499; x_wconf 84' lang='lat' dir='ltr'>saepe</span> <span class='ocrx_word' id='word_1_233' title='bbox 1168 3415 1275 3479; x_wconf 76' lang='grc' dir='ltr'><em>θοόλιον</em></span> 
     </span>
     <span class='ocr_line' id='line_1_28' title="bbox 189 3524 1275 3612; baseline -0.002 -20"><span class='ocrx_word' id='word_1_234' title='bbox 189 3524 268 3607; x_wconf 78' lang='grc' dir='ltr'><em>ἦμαρ</em></span> <span class='ocrx_word' id='word_1_235' title='bbox 299 3527 381 3611; x_wconf 90' lang='lat' dir='ltr'>apud</span> <span class='ocrx_word' id='word_1_236' title='bbox 413 3528 581 3592; x_wconf 87' lang='lat' dir='ltr'>Homerum</span> <span class='ocrx_word' id='word_1_237' title='bbox 614 3550 669 3612; x_wconf 85' lang='lat' dir='ltr'>pro</span> <span class='ocrx_word' id='word_1_238' title='bbox 697 3529 828 3607; x_wconf 76' lang='grc' dir='ltr'><em>δουλεία,</em></span> <span class='ocrx_word' id='word_1_239' title='bbox 853 3527 994 3609; x_wconf 76' lang='grc' dir='ltr'><em>ἐλεύθερον</em></span> <span class='ocrx_word' id='word_1_240' title='bbox 1018 3525 1096 3607; x_wconf 82' lang='grc' dir='ltr'><em>ἦμαρ</em></span> <span class='ocrx_word' id='word_1_241' title='bbox 1119 3549 1173 3611; x_wconf 86' lang='lat' dir='ltr'>pro</span> <span class='ocrx_word' id='word_1_242' title='bbox 1197 3529 1275 3592; x_wconf 77' lang='grc' dir='ltr'><em>ἕλευ-</em></span> 
     </span>
     <span class='ocr_line' id='line_1_29' title="bbox 189 3640 1275 3725; baseline 0 -22"><span class='ocrx_word' id='word_1_243' title='bbox 189 3642 284 3720; x_wconf 84' lang='grc' dir='ltr'><em>θεριά,</em></span> <span class='ocrx_word' id='word_1_244' title='bbox 308 3641 491 3725; x_wconf 83' lang='lat' dir='ltr'>similiaque.</span> <span class='ocrx_word' id='word_1_245' title='bbox 515 3640 561 3705; x_wconf 80' lang='lat' dir='ltr'>Of.</span> <span class='ocrx_word' id='word_1_246' title='bbox 587 3640 660 3706; x_wconf 90' lang='lat' dir='ltr'>Heo.</span> <span class='ocrx_word' id='word_1_247' title='bbox 683 3647 722 3704; x_wconf 87' lang='grc'>56</span> <span class='ocrx_word' id='word_1_248' title='bbox 745 3652 775 3705; x_wconf 90' lang='lat' dir='ltr'>et</span> <span class='ocrx_word' id='word_1_249' title='bbox 791 3642 939 3706; x_wconf 85' lang='lat' dir='ltr'>Androm.</span> <span class='ocrx_word' id='word_1_250' title='bbox 958 3645 1009 3706; x_wconf 92' lang='grc'><strong>99.</strong></span> <span class='ocrx_word' id='word_1_251' title='bbox 1025 3678 1070 3689; x_wconf 93' lang='grc'>-</span> <span class='ocrx_word' id='word_1_252' title='bbox 1084 3642 1275 3705; x_wconf 69' lang='grc' dir='ltr'><em>ἀπολιπὼν</em></span> 
     </span>
     <span class='ocr_line' id='line_1_30' title="bbox 190 3743 1275 3835; baseline 0 -17"><span class='ocrx_word' id='word_1_253' title='bbox 190 3755 304 3820; x_wconf 80' lang='grc' dir='ltr'><em>θοθνον.</em></span> <span class='ocrx_word' id='word_1_254' title='bbox 340 3754 386 3820; x_wconf 83' lang='lat' dir='ltr'>Of.</span> <span class='ocrx_word' id='word_1_255' title='bbox 417 3755 508 3819; x_wconf 92' lang='lat' dir='ltr'>Hom.</span> <span class='ocrx_word' id='word_1_256' title='bbox 540 3758 628 3835; x_wconf 68' lang='grc' dir='ltr'><em>ψυχὴ</em></span> <span class='ocrx_word' id='word_1_257' title='bbox 651 3753 674 3818; x_wconf 74' lang='grc' dir='ltr'>θ’</span> <span class='ocrx_word' id='word_1_258' title='bbox 694 3756 820 3828; x_wconf 72' lang='grc' dir='ltr'>Ἀϊδόσδε</span> <span class='ocrx_word' id='word_1_259' title='bbox 842 3756 966 3834; x_wconf 75' lang='grc' dir='ltr'><em>βεβήκει</em></span> <span class='ocrx_word' id='word_1_260' title='bbox 989 3792 1034 3804; x_wconf 90' lang='lat'><em>-</em></span> <span class='ocrx_word' id='word_1_261' title='bbox 1056 3743 1171 3819; x_wconf 64' lang='grc' dir='ltr'><em>λιπόντ’</em></span> <span class='ocrx_word' id='word_1_262' title='bbox 1192 3755 1275 3833; x_wconf 61' lang='lat' dir='ltr'>aare</span> 
     </span>
     <span class='ocr_line' id='line_1_31' title="bbox 190 3867 1276 3954; baseline -0.002 -22"><span class='ocrx_word' id='word_1_263' title='bbox 190 3878 269 3943; x_wconf 79' lang='grc' dir='ltr'><em>τῆτοι</em></span> <span class='ocrx_word' id='word_1_264' title='bbox 299 3869 348 3933; x_wconf 75' lang='grc' dir='ltr'>καὶ</span> <span class='ocrx_word' id='word_1_265' title='bbox 372 3868 454 3946; x_wconf 74' lang='grc' dir='ltr'><em>ἥβην.</em></span> <span class='ocrx_word' id='word_1_266' title='bbox 491 3867 693 3932; x_wconf 82' lang='lat' dir='ltr'>Abundantia</span> <span class='ocrx_word' id='word_1_267' title='bbox 717 3869 839 3933; x_wconf 90' lang='lat' dir='ltr'>defendi</span> <span class='ocrx_word' id='word_1_268' title='bbox 863 3877 965 3954; x_wconf 85' lang='lat' dir='ltr'>potest</span> <span class='ocrx_word' id='word_1_269' title='bbox 988 3869 1080 3946; x_wconf 89' lang='lat' dir='ltr'>loeis,</span> <span class='ocrx_word' id='word_1_270' title='bbox 1106 3867 1205 3951; x_wconf 87' lang='lat' dir='ltr'>qualis</span> <span class='ocrx_word' id='word_1_271' title='bbox 1229 3877 1276 3930; x_wconf 92' lang='lat' dir='ltr'>est</span> 
     </span>
     <span class='ocr_line' id='line_1_32' title="bbox 191 3979 1276 4068; baseline 0 -23"><span class='ocrx_word' id='word_1_272' title='bbox 191 3982 318 4068; x_wconf 90' lang='lat' dir='ltr'>Hippol.</span> <span class='ocrx_word' id='word_1_273' title='bbox 353 3985 416 4046; x_wconf 81' lang='grc'>596</span> <span class='ocrx_word' id='word_1_274' title='bbox 446 3983 724 4062; x_wconf 74' lang='grc' dir='ltr'><em>οὶποιλλαχθῆσοροαι</em></span> <span class='ocrx_word' id='word_1_275' title='bbox 747 3982 813 4060; x_wconf 81' lang='grc' dir='ltr'><em>βίον</em></span> <span class='ocrx_word' id='word_1_276' title='bbox 836 3983 969 4047; x_wconf 80' lang='grc' dir='ltr'><em>θανοῦσα.</em></span> <span class='ocrx_word' id='word_1_277' title='bbox 1004 3980 1050 4045; x_wconf 79' lang='lat' dir='ltr'>(ll.</span> <span class='ocrx_word' id='word_1_278' title='bbox 1076 3985 1149 4044; x_wconf 86' lang='grc'>853.</span> <span class='ocrx_word' id='word_1_279' title='bbox 1184 3979 1276 4045; x_wconf 87' lang='lat' dir='ltr'>Prae-</span> 
     </span>
     <span class='ocr_line' id='line_1_33' title="bbox 191 4093 1273 4180; baseline -0.002 -20"><span class='ocrx_word' id='word_1_280' title='bbox 191 4096 329 4160; x_wconf 88' lang='lat' dir='ltr'>oedentia</span> <span class='ocrx_word' id='word_1_281' title='bbox 353 4103 453 4158; x_wconf 90' lang='lat' dir='ltr'>tamen</span> <span class='ocrx_word' id='word_1_282' title='bbox 479 4103 509 4158; x_wconf 87' lang='lat' dir='ltr'>et</span> <span class='ocrx_word' id='word_1_283' title='bbox 531 4096 598 4180; x_wconf 85' lang='lat' dir='ltr'>ipsa</span> <span class='ocrx_word' id='word_1_284' title='bbox 621 4095 681 4159; x_wconf 87' lang='lat' dir='ltr'>loci</span> <span class='ocrx_word' id='word_1_285' title='bbox 703 4096 781 4160; x_wconf 91' lang='lat' dir='ltr'>ratio</span> <span class='ocrx_word' id='word_1_286' title='bbox 805 4117 860 4180; x_wconf 88' lang='lat' dir='ltr'>pro</span> <span class='ocrx_word' id='word_1_287' title='bbox 883 4093 957 4159; x_wconf 85' lang='grc' dir='ltr'><em>θοόνοι</em></span> <span class='ocrx_word' id='word_1_288' title='bbox 981 4094 1112 4158; x_wconf 80' lang='lat' dir='ltr'>suadent</span> <span class='ocrx_word' id='word_1_289' title='bbox 1134 4093 1273 4175; x_wconf 81' lang='grc' dir='ltr'><em>φθόνοι.</em></span> 
     </span>
     <span class='ocr_line' id='line_1_34' title="bbox 191 4205 1274 4293; baseline -0.003 -20"><span class='ocrx_word' id='word_1_290' title='bbox 191 4209 238 4273; x_wconf 82' lang='lat' dir='ltr'>Of.</span> <span class='ocrx_word' id='word_1_291' title='bbox 270 4211 433 4290; x_wconf 60' lang='lat' dir='ltr'>Verrium</span> <span class='ocrx_word' id='word_1_292' title='bbox 457 4208 514 4285; x_wconf 84' lang='lat' dir='ltr'>IV,</span> <span class='ocrx_word' id='word_1_293' title='bbox 543 4211 570 4284; x_wconf 86' lang='lat'>1,</span> <span class='ocrx_word' id='word_1_294' title='bbox 593 4231 661 4293; x_wconf 80' lang='lat' dir='ltr'><strong>pag.</strong></span> <span class='ocrx_word' id='word_1_295' title='bbox 678 4212 731 4286; x_wconf 89' lang='grc'>98,</span> <span class='ocrx_word' id='word_1_296' title='bbox 757 4207 810 4272; x_wconf 92' lang='lat' dir='ltr'>ubi</span> <span class='ocrx_word' id='word_1_297' title='bbox 827 4208 931 4271; x_wconf 87' lang='lat' dir='ltr'>eadem</span> <span class='ocrx_word' id='word_1_298' title='bbox 949 4229 1040 4291; x_wconf 86' lang='lat' dir='ltr'>opera</span> <span class='ocrx_word' id='word_1_299' title='bbox 1053 4207 1169 4271; x_wconf 86' lang='lat' dir='ltr'>tentavi</span> <span class='ocrx_word' id='word_1_300' title='bbox 1186 4206 1225 4271; x_wconf 90' lang='lat' dir='ltr'>H.</span> <span class='ocrx_word' id='word_1_301' title='bbox 1245 4205 1274 4270; x_wconf 63' lang='lat'>1⁴1</span> 
     </span>
     <span class='ocr_line' id='line_1_35' title="bbox 193 4322 826 4408; baseline 0.002 -22"><span class='ocrx_word' id='word_1_302' title='bbox 193 4327 244 4402; x_wconf 88' lang='grc'>69,</span> <span class='ocrx_word' id='word_1_303' title='bbox 269 4323 446 4408; x_wconf 89' lang='lat' dir='ltr'>reponendo</span> <span class='ocrx_word' id='word_1_304' title='bbox 469 4322 606 4405; x_wconf 76' lang='grc' dir='ltr'><em>φθόνοντ’</em></span> <span class='ocrx_word' id='word_1_305' title='bbox 627 4343 682 4408; x_wconf 81' lang='lat' dir='ltr'>pro</span> <span class='ocrx_word' id='word_1_306' title='bbox 705 4323 826 4388; x_wconf 88' lang='grc' dir='ltr'><em>θανόντ’.</em></span> 
     </span>
    </p>
   </div>
   <div class='ocr_carea' id='block_1_7' title="bbox 0 0 1563 4914">
    <p class='ocr_par' dir='ltr' id='par_1_9' title="bbox 0 0 1563 4914">
     <span class='ocr_line' id='line_1_36' title="bbox 0 0 1563 4914; baseline 0 0"><span class='ocrx_word' id='word_1_307' title='bbox 0 0 1563 4914; x_wconf 95' lang='lat' dir='ltr'> </span> 
     </span>
    </p>
   </div>
  </div>
 </body>
</html>
