3112 4914
652 401 908 448 conmonuemus.

280 602 375 666 1347.
399 601 577 678 ἐνθύμιον
601 637 645 648 -
668 599 816 675 ulturi,
841 599 973 662 animo
996 594 1164 660 indidit.

279 716 374 780 1352.
404 715 633 797 ζοτήροοοτοο,
664 720 868 799 praegnanter
892 709 1120 796 quaerendi
1143 707 1317 782 indicia,

232 830 384 910 τεκμήρνοο.

280 944 374 1008 1355.
398 942 500 1008 οοὺτοὺ
521 943 571 1006 hic
594 949 676 1008 recte
700 943 807 1020 habet,
830 939 1022 1006 referendum
1048 938 1090 1030 ad
1110 937 1273 1017 στοὶργοονοο
1289 940 1320 999 et

187 1116 189 1121 .
231 1055 402 1135 ζντὺμοοτοο.
439 1056 485 1121 Of.
508 1079 579 1120 mox
604 1059 689 1122 1357
708 1078 752 1140 sq.
777 1062 808 1119 et
834 1057 929 1119 1361.

278 1170 374 1235 1356.
405 1169 475 1235 Ioni
507 1192 561 1233 cur
592 1170 708 1234 tribuat
740 1168 870 1247 Nauck,
901 1191 964 1233 non
988 1167 1143 1251 intellego,
1188 1163 1322 1228 Diudorl

231 1284 417 1366 comparavit
439 1283 548 1349 Troad.
574 1287 649 1350 337.

279 1400 374 1462 1357.
406 1398 508 1477 Τὺχ’
544 1405 625 1462 recte
659 1395 739 1464 Lud.
772 1398 921 1475 Dindorl,
953 1396 1007 1460 sed
1038 1402 1194 1480 praeterea
1225 1392 1320 1458 malui

231 1511 371 1586 οοὺτήν,
398 1511 469 1594 quia
493 1519 523 1574 et
545 1511 668 1575 notioni
691 1512 770 1595 ipse
793 1512 842 1575 vix
864 1511 950 1575 locus
968 1519 1013 1574 est
1029 1518 1059 1574 et
1076 1509 1182 1573 durior
1198 1507 1320 1571 videtur

232 1624 345 1689 obiecti
369 1627 502 1693 omissio.
542 1625 658 1700 Notum
684 1635 730 1691 est
753 1626 851 1691 varios
876 1648 965 1691 casus
989 1647 1100 1710 genera
1123 1632 1153 1687 et
1176 1645 1319 1687 numeros

231 1740 326 1805 huius
350 1744 541 1827 pronominis
565 1744 657 1808 scribi
681 1767 734 1828 per
757 1743 975 1828 compendium
997 1730 1054 1827 οὑ,
1078 1743 1122 1807 ita
1146 1750 1181 1806 ut
1204 1740 1319 1826 ubique
1399 1764 1403 1771 ·

232 1857 330 1920 nostri
353 1858 459 1922 iudicii
484 1859 542 1935 sit,
569 1859 642 1942 'quid
665 1853 758 1922 ‘scribi
783 1867 932 1943 oporteat.
1145 1929 1147 1933 ,

281 1973 498 2036 1364-1363
531 1974 651 2057 spurios
685 1995 749 2037 esse
778 1972 856 2036 vidit
879 1973 994 2037 Hir-cel.
1020 1971 1146 2037 Nonou.
1177 1970 1318 2035 Absurde

231 2085 388 2150 adduntur
411 2095 481 2171 post
504 2109 697 2171 praegressa,
724 2095 753 2150 ct
777 2086 942 2152 obscurum
967 2087 1042 2171 quid
1066 2086 1125 2151 sibi
1145 2085 1218 2149 velit
1234 2085 1320 2148 olau-

232 2186 300 2262 sula
322 2197 351 2268 ὑο
375 2202 507 2293 μετέσχε
530 2210 583 2275 τῆς
603 2201 714 2281 τὺχνο,
737 2202 802 2284 qui
825 2201 1004 2266 fortunae
1028 2201 1222 2286 particeps
1237 2197 1319 2262 fuit.

280 2316 373 2378 1369.
397 2313 510 2394 ὑγρὸν
533 2312 660 2394 tulupa.
686 2313 731 2377 Of.
749 2337 841 2398 supra
856 2314 893 2378 ad
914 2318 986 2379 105.
1011 2313 1119 2399 Suppl.
1141 2316 1160 2376 8
1180 2313 1257 2392 ὑγροὶ
1275 2349 1319 2361 -

231 2427 370 2503 στοογὺν,
395 2427 506 2492 Bacch.
532 2431 595 2493 379
619 2428 738 2509 βότρυος
763 2429 848 2508 ὑγρὸν
871 2434 979 2505 aroino,
1003 2427 1071 2512 Iph.
1089 2429 1127 2490 A.
1145 2429 1209 2490 943
1227 2427 1319 2506 ὑγρῶν

231 2539 388 2616 conclusa,
422 2540 491 2606 Hel.
518 2543 603 2606 1309
629 2543 755 2621 ὑγροῖσιν
779 2544 808 2606 ἕν
831 2542 991 2614 κλυδωνίοις
1016 2541 1104 2616 οὶλὺς,
1128 2539 1220 2623 Soph.
1244 2540 1325 2604 Ana·

233 2656 320 2717 1133
346 2655 437 2735 ὑγρῶν
460 2656 590 2735 ῥεέθρων,
613 2654 726 2718 Aesch.
751 2654 859 2739 Suppl.
885 2657 949 2718 355
974 2656 1065 2735 ὑγροῖς
1089 2655 1251 2728 tutaturus.
1275 2689 1318 2703 -·

232 2767 351 2844 βάλλω.
377 2767 444 2831 Ηοσ
469 2767 594 2832 verbum
620 2768 720 2833 obiter
742 2770 924 2833 restituatur
946 2767 1090 2852 Sophocli
1111 2766 1223 2832 lllectr.
1243 2768 1317 2842 719,

232 2882 286 2964 qui
310 2882 466 2966 scripsisse
490 2883 628 2947 videtur:
654 2883 779 2965 ἤφριζον,
801 2881 819 2965 ᾗ
841 2885 904 2964 σφ’
927 2883 1105 2960 ἔβοολλον
1128 2883 1189 2946 κτὲ.
1216 2879 1319 2963 Vulgo

233 2996 299 3058 sinc
322 3017 414 3059 sensu
438 2995 694 3073 εἰσέβαλλον.

280 3110 375 3173 1371.
399 3109 622 3186 οὶτνμτὺλοο
649 3093 871 3174 οὑίοεοτοτὴο
896 3111 997 3175 utitur
1021 3132 1075 3194 pro
1098 3109 1219 3189 τροίετο.
1248 3107 1319 3171 Non

232 3251 298 3292 raro
324 3229 405 3293 enim
429 3229 594 3294 adhibetur
617 3230 655 3294 de
678 3232 730 3307 iis,
756 3232 809 3316 qui
834 3231 932 3314 pretio
949 3231 1087 3315 corrupti
1103 3230 1237 3313 aliquem
1254 3217 1321 3313 pro-

232 3341 321 3406 dunt.
357 3341 404 3405 Of.
426 3343 536 3406 Troad.
556 3346 631 3420 988,
649 3344 733 3408 alibi.
763 3343 807 3407 Iis
824 3366 989 3428 quaemox
1006 3344 1152 3408 additus.
1171 3346 1255 3408 1378
1273 3365 1318 3427 sq.

232 3455 352 3538 mitigat
375 3455 485 3519 horum
510 3455 671 3521 verborum
697 3457 852 3522 duritiem.

279 3570 375 3632 1373.
399 3569 514 3644 μοοστὸν
537 3569 674 3650 ἐπέσχεν.
700 3570 746 3634 Gi.
770 3570 919 3636 Androm.
944 3576 1019 3650 335,
1044 3571 1135 3635 Hom.
1157 3570 1195 3636 Il.
1212 3569 1318 3646 XXII,

232 3684 284 3752 43,
308 3681 386 3745 infra
412 3685 507 3746 1493.
531 3720 576 3732 --
598 3684 814 3763 ἀνώνυμος,
836 3685 952 3764 alyatte,
975 3684 1141 3765 οένοὺρνὺμος.
1330 3704 1331 3707 ’

279 3797 373 3859 1373.
397 3795 551 3870 οἰκέτην
574 3796 680 3873 βίον,
707 3805 741 3860 ut
763 3797 928 3876 ἱερόδουλος.
958 3798 1152 3863 Primitivum
1177 3820 1232 3881 pro
1250 3820 1321 3882 pos·

232 3906 358 3970 sessivo.
930 3914 933 3921 '

265 4023 374 4114 11374.
396 4021 599 4099 δαίμονος,
625 4022 740 4113 nixus,
763 4033 798 4088 ut
821 4047 918 4109 saepe.

279 4135 386 4198 1376..
406 4157 441 4197 το
473 4137 688 4216 τερφθῆναι
719 4137 820 4213 βίον.
865 4137 1035 4202 Genetivus
1068 4147 1115 4202 est
1147 4137 1320 4222 partitivus.

233 4245 311 4310 Nam
335 4245 489 4327 τέρπεσθον
513 4248 595 4332 apud
622 4251 741 4313 Atticos
766 4251 956 4314 construitur
974 4274 1044 4315 cum
1066 4253 1177 4316 Dativo
1197 4259 1320 4315 tantum

232 4358 514 4438 substantivorum,
545 4385 645 4448 neque
676 4363 759 4447 apud
789 4363 956 4430 Homerum
982 4387 1053 4431 cum
1077 4365 1226 4438 Genetivo
1249 4366 1319 4433 iun*
