3112 4914
557 1123 987 1210 PRAEFATIO.
1050 1171 1053 1176 .

275 1691 354 1754 Casu
380 1692 405 1752 si
430 1689 608 1766 accidisset,
628 1698 663 1752 ut
679 1690 736 1753 Ion
754 1692 819 1752 sine
837 1690 960 1752 nomine
978 1688 1113 1751 auctoris
1129 1687 1167 1749 ad
1184 1695 1320 1749 nostram

230 1804 419 1888 pervenisset
451 1814 600 1878 aetatem,
635 1803 683 1865 vix
708 1811 810 1866 tamen
835 1825 1019 1887 quemquam
1046 1802 1076 1863 in
1101 1799 1251 1883 Euripide
1276 1798 1322 1860 vel

231 1918 425 1980 mediocriter
450 1925 603 1980 versatum
626 1926 775 1999 punctum
794 1917 940 2000 temporis
958 1916 1050 1978 latere
1068 1921 1185 1997 posset,
1202 1935 1219 1976 a
1234 1912 1323 1975 nullo

231 2031 291 2094 alio
315 2038 406 2114 poeta
431 2031 509 2094 hanc
533 2030 670 2093 fabulam
695 2033 838 2115 componi
863 2031 1009 2114 potuisse.
1049 2029 1098 2091 Ita
1123 2038 1241 2112 praeter
1265 2049 1323 2090 ser·

231 2146 330 2207 monis
362 2145 579 2229 ‚proprietatem
613 2152 643 2207 et
671 2145 831 2208 laudatum
855 2143 893 2206 ab
918 2145 984 2229 ipso
1010 2143 1182 2206 adversario
1207 2143 1323 2204 Aristo·

232 2257 331 2340 phano
356 2280 389 2318 os
414 2257 478 2319 eius
502 2258 672 2320 rotundum
691 2259 734 2341 1),
761 2259 905 2341 pleraque
923 2258 1025 2319 omnia
1043 2257 1189 2340 praefert,
1209 2254 1324 2338 quibus

232 2371 389 2453 tragoedia
421 2370 589 2454 Euripidea
621 2394 638 2434 a
669 2368 880 2435 decessoribus
912 2372 978 2433 eius
1009 2371 1040 2433 in
1066 2379 1129 2433 arte
1155 2369 1323 2432 dramatico

232 2483 352 2548 differre
385 2485 588 2548 existimatur.
628 2484 787 2548 Habemus
820 2486 868 2547 liic
901 2485 1083 2568 prologum,
1115 2506 1175 2566 quo
1200 2506 1217 2546 a
1241 2483 1324 2546 Mer-

233 2597 317 2658 curio
348 2619 383 2659 ea
415 2598 481 2681 ipsa
514 2597 552 2659 de
584 2620 675 2660 causa
708 2599 877 2681 praesenti,
912 2608 1073 2681 postquam
1098 2599 1156 2661 rite
1181 2598 1325 2681 exposuit

232 2731 329 2792 genus
361 2733 451 2774 suum
485 2718 578 2793 atque
611 2711 779 2793 originem,
813 2718 978 2800 narrantur
1010 2709 1235 2795 spectatoribus
1260 2718 1323 2774 tam

232 2830 383 2886 ante-acta
414 2844 505 2905 quam
535 2846 569 2886 ea
594 2845 672 2905 quae
696 2824 728 2885 in
754 2846 844 2887 scena
867 2804 998 2906 agentur
1006 2851 1014 2901 ;
1041 2825 1188 2888 habemus
1213 2825 1323 2886 iterum

233 2935 264 2998 in
289 2937 349 2999 fine
373 2936 521 2999 dramatis
546 2936 638 2999 deum
663 2959 699 2999 ex
723 2938 881 3014 machina,
909 2937 1094 3015 Minervam,
1119 2947 1324 3021 exponentem

234 3056 264 3110 et
295 3049 508 3114 defendentem
543 3050 699 3133 Apollinis
732 3052 859 3114 consilia
883 3059 912 3114 et
936 3052 1163 3135 praedicentem
1188 3053 1322 3116 futuram

234 3163 353 3243 generis
386 3185 421 3226 ex
454 3162 530 3226 Ione
561 3163 709 3227 nascituri
744 3165 1006 3246 magnitudinem
1033 3164 1180 3228 habemus
1204 3165 1322 3229 felicem
1379 3146 1382 3152 ⁴

233 3259 354 3339 fabulae
385 3275 518 3351 exitum,
553 3275 590 3339 ab
623 3276 751 3358 antiqua
783 3284 847 3338 arte
879 3285 908 3338 et
942 3298 1011 3338 vera
1042 3275 1199 3360 tragoedia
1231 3276 1324 3339 ferme

235 3386 385 3461 alienum,
419 3388 472 3450 sed
505 3388 662 3471 proprium
696 3387 843 3451 dramatis
874 3390 1093 3465 romantici,
1124 3391 1207 3473 quod
1232 3391 1325 3454 hodie

235 3499 363 3576 dicitur,
398 3501 486 3562 cuius
517 3501 637 3584 generis
669 3501 762 3563 medii
793 3501 874 3564 inter
898 3502 1056 3584 antiquam
1082 3504 1269 3586 tragoediam
1295 3513 1326 3568 et

234 3611 420 3674 comoediam
456 3633 567 3673 novam
603 3611 768 3694 Euripides
808 3613 916 3673 merito
953 3612 1125 3676 celebratur
1160 3616 1323 3693 inventor,

234 3722 380 3787 habemus
405 3724 531 3787 chorum
556 3747 655 3807 neque
681 3725 720 3806 (si
744 3725 914 3808 excipimus
939 3726 1088 3789 violatum
1114 3727 1150 3789 ab
1168 3750 1203 3790 eo
1222 3728 1323 3791 Xuthi

234 3837 397 3920 secretum)
421 3838 550 3900 actionis
575 3837 769 3920 participem,
791 3846 824 3899 ut
842 3846 888 3900 est
904 3839 985 3922 apud
1004 3839 1207 3922 Aeschylum,
1224 3863 1323 3924 neque

234 3971 304 4012 eum
340 3950 395 4031 qui
429 3948 539 4012 bonis
572 3950 767 4033 faveatque
799 3958 835 4013 et
864 3953 1100 4015 consilietur
1132 3955 1258 4015 amicis
1290 3963 1324 4018 et

234 4071 340 4144 regat
375 4063 493 4125 iratos
529 4071 564 4125 et
596 4074 690 4126 amet
726 4087 857 4147 pacare
893 4074 1105 4142 tumenteS,
1144 4067 1242 4149 qualis
1278 4077 1324 4130 est

270 4307 294 4367 1)
312 4305 393 4371 Apud
410 4306 494 4356 Sobel.
512 4308 587 4356 Plot.
608 4308 685 4371 Apol.
702 4324 729 4373 p.
749 4311 777 4358 19
796 4310 824 4359 C.
