3112 4914
792 404 880 461 ΙΩΝ.

379 615 459 690 κυρεῖ
478 608 503 671 δ’
527 605 582 685 ἅμ’
607 607 776 678 ἱππεύοντος
801 607 880 683 ἡλίου
905 606 1001 688 κύκλῳ

380 728 522 803 προφῆτις
548 721 737 799 είσβαίνουσα
760 727 896 797 μαντεῖον
919 721 998 786 θεοῦ·
1054 736 1056 740 “

378 833 443 914 θψιν
469 835 499 898 δὲ
520 833 734 914 προσβαλοῦσα
756 833 838 897 παιδί
862 834 952 913 ννπίιρ

379 947 523 1023 ἐθαύμασ’
546 945 573 1010 εί
597 971 641 1018 τις
664 947 818 1030 Δελφίδων
840 948 929 1020 τλαίν
954 945 1018 1026 κθρκ

377 1061 512 1142 λαθραῖον
538 1060 609 1124 ὠδῖν’
631 1061 670 1130 είς
693 1061 753 1123 θεοῦ
775 1063 870 1141 ῥίψαι,
885 1058 989 1138 δθμον,

379 1174 448 1256 ὑπέρ
471 1199 504 1239 τε
527 1173 656 1251 θυμέλας
679 1173 795 1252 διορίσαι
819 1173 959 1254 πρθθυμος
984 1171 1034 1249 ἦν·

377 1289 460 1369 οίκπιρ
483 1289 507 1352 δ’
522 1289 637 1369 amm
660 1286 816 1365 ὠμίτντα,
836 1286 897 1352 καί
914 1287 974 1360 θεὸς
1140 1288 1170 1378 [ί.
1194 1293 1241 1371 χοῦ
1264 1315 1290 1356 n.

378 1401 512 1481 συνεργὸς
536 1395 568 1474 ἦν
592 1402 632 1481 τῷ
656 1400 736 1464 παιδί
760 1401 802 1476 μθρ
826 1399 954 1465 ’κπεσεῖν
977 1401 1080 1479 δύμον.

377 1515 477 1597 τρέφει
501 1514 531 1578 δέ
554 1538 594 1578 νιν
616 1514 773 1591 λαβοῦσα·
801 1513 850 1578 τὸν
876 1515 1038 1595 σπείραντα
1060 1516 1090 1580 δὲ

378 1633 427 1695 οῦκ
450 1625 510 1692 οίδε
535 1628 639 1703 Φοῖβον
662 1627 722 1692 οῦδὲ
745 1628 846 1707 μητέρ’
871 1626 902 1704 ἧς
926 1627 992 1709 ἔφυ.
1336 1638 1376 1697 50

381 1741 404 1831 [ὁ
427 1749 498 1815 παῖς
521 1767 555 1807 τε
577 1742 644 1811 τοὺς
667 1740 807 1814 τεκθντας
830 1743 880 1806 οῦκ
903 1741 1085 1827 ἐπίσταται]

379 1856 436 1927 νέος
455 1855 509 1932 μὲν
533 1851 579 1919 οῦν
602 1854 638 1919 θον
658 1854 923 1936 ἄμφιβοιμίους
942 1857 1087 1939 ,τροφας
1113 1854 1143 1944 [f.
1161 1859 1353 1940 οίμφιβθμιος

380 1967 466 2044 ἠλᾶτ’
490 1968 616 2049 οίθύροον·
641 1969 677 2040 ὥς
701 1968 726 2032 δ’
749 1969 913 2047 οίπννδρύθν
939 1967 1048 2051 δέμας,
1150 1975 1274 2054 τραφεὶς
1296 2007 1316 2036 v.
1329 1995 1356 2036 ιι.

380 2081 496 2163 Δελφοί
506 2085 561 2160 σφ’
573 2080 665 2145 ἔθεντο
676 2080 952 2163 χρυσοφύλακα
967 2087 1018 2148 τοῦ
1030 2083 1091 2148 θεοῦ
1109 2084 1143 2168 [f.
1156 2086 1334 2168 ναοφύλακα
1352 2113 1379 2153 N.

379 2194 549 2271 ταμίαντε
572 2193 691 2259 ποίντιον
714 2193 834 2271 πιττύν,
860 2195 889 2258 ἒν
912 2193 936 2259 δ’
958 2197 1124 2278 ἀνακτόροις
1337 2204 1377 2264 55

379 2309 440 2373 θεοῦ
464 2307 579 2390 καταζῇ
603 2307 677 2387 δεῦρ’
701 2308 747 2372 αεὶ
771 2309 875 2386 σεμνδν
896 2309 970 2386 βίον.

378 2416 507 2504 ’Κρέουσα
531 2421 556 2486 δ’
582 2425 598 2497 ἡ
622 2425 748 2487 τεκοῦσα
770 2421 819 2486 τθν
842 2423 955 2488 νεανίαν

381 2537 472 2616 Ξούθῳ
496 2543 642 2613 γαμεῖται
667 2539 820 2619 συμφοροῖς
844 2538 953 2602 τοιοῦοδ
978 2535 1047 2604 οίπο.

381 2647 412 2725 ἦν
436 2655 503 2721 ταῖς
526 2630 659 2723 Ἀθήναις
682 2655 742 2721 τοῖς
765 2674 798 2713 τε
822 2651 1089 2727 Χαλκωδοντιδαις,

379 2760 405 2827 οἳ
426 2771 482 2839 γῆν
507 2761 606 2842 ἔχοντ’
630 2761 779 2843 Εὐβοῖδα,
806 2762 943 2841 πολέμιος
966 2764 1093 2830 κλύδων·
1339 2773 1379 2831 60

380 2875 409 2941 ὃν
433 2878 623 2952 συμπονήσας
648 2875 698 2940 καί
723 2873 879 2953 ξυνεξελδον
902 2877 955 2958 δορί

381 2988 487 3067 ροίμυν
512 2989 651 3071 Κρεούσης
675 2988 782 3069 ἀξίωμ’
805 2989 942 3070 ἐδέξατο,

380 3107 429 3167 οῦκ
453 3104 576 3182 ἐγγενὴς
599 3103 649 3177 ύν,
675 3102 780 3169 Αίθλου
805 3104 835 3167 δὲ
857 3110 908 3169 τοῦ
933 3105 1001 3177 Διὸς

382 3219 479 3294 γεγὼς
504 3216 648 3296 Ἀχαιός·
673 3215 775 3296 χρθνια
799 3216 828 3281 δὲ
850 3218 971 3296 σπείρας
994 3218 1073 3298 λὲχν

380 3327 499 3400 οῦτεκνίς
523 3331 603 3407 ἐστι,
627 3328 676 3393 καὶ
700 3327 831 3409 Κρέοντ’·
857 3327 893 3395 ὧν
917 3327 1012 3397 είνεκα

383 3440 479 3517 ῦκουτι
503 3444 571 3521 πρδς
596 3445 716 3518 μαντεῖ’
740 3443 922 3515 Ἀπόλλωνος
945 3443 1016 3509 τοίδε
1117 3485 1119 3488 >

382 3552 462 3632 ἔροιτο
486 3554 605 3620 παιδον.
629 3553 740 3631 Λοξίας
763 3555 792 3619 δὲ
815 3557 867 3629 τὴν
889 3556 987 3635 τύχον

330 3803 362 3854 V.
381 3808 419 3854 41.
438 3806 595 3862 ἀνιππιύοντος
612 3803 641 3853 0.
658 3806 825 3863 ἐννεοττεύοντος
842 3807 872 3856 Ρ.
890 3806 961 3856 Oorr.
983 3805 1126 3868 Musgrave.

328 3894 362 3946 V.
381 3899 420 3946 45.
438 3899 509 3961 δόμοι
526 3897 556 3946 Ρ.
573 3924 607 3934 -
624 3895 657 3946 V.
676 3901 715 3945 46.
734 3897 758 3947 δὲ
775 3897 802 3946 in
819 3916 846 3949 τε
864 3896 973 3946 mutavit
989 3894 1133 3946 Kirohhoff.

330 3984 363 4034 V.
382 3986 421 4035 50.
438 3985 561 4049 virgulam
577 3990 638 4051 post
655 3991 695 4054 Ιρυ
711 3986 807 4036 mutavi
824 3987 852 4035 in
869 3991 994 4052 punctum
1012 3990 1037 4036 et
1054 3984 1155 4035 uncinis
1173 3985 1240 4050 sepsi
1257 3984 1291 4040 V.
1309 3988 1349 4034 51.

258 4081 260 4085 ’
329 4074 363 4124 V.
382 4078 421 4125 52.
439 4079 499 4142 ἀμφὶ
515 4079 618 4144 βωμίους
634 4075 704 4126 iibri.
722 4075 753 4126 0.
772 4076 868 4126 Μῦίίθι·
886 4081 995 4145 στροφάς.

330 4165 363 4214 V.
381 4168 420 4215 58.
437 4167 487 4217 ύπο.
504 4166 576 4216 (δοκε.
594 4167 718 4217 Badham.

330 4255 363 4308 V.
383 4259 421 4308 59.
438 4260 627 4317 Χαδκοδοντίδαις
644 4258 712 4308 libri.
730 4259 937 4316 Χαλκωδοντιάδης
953 4257 1120 4316 Euanthius,
1137 4272 1163 4323 p.
1181 4258 1243 4316 281,
1263 4259 1301 4304 44.

331 4347 366 4398 V.
383 4351 422 4399 60.
439 4351 546 4416 Εῦβοτδα.
564 4350 636 4400 Oorr.
654 4349 788 4400 Matthiae.
806 4377 838 4387 —-
856 4348 889 4399 V.
907 4353 947 4400 65.
965 4349 1024 4399 libri
1041 4351 1126 4402 οὕνεκα.
