3112 4914
236 386 275 447 82
651 405 905 451 corrunnrnnrus.

233 595 385 671 ferebant,
412 596 580 680 superiores
605 598 705 681 pinus.
737 598 816 663 Plin.
840 598 879 662 N.
906 599 945 663 H.
970 598 1038 675 XV,
1066 603 1124 678 30,
1149 604 1201 665 to.
1226 600 1319 678 XVI,

233 710 293 783 39,
321 711 371 774 76.
395 709 440 774 Cf.
466 705 620 787 Visscher,v
644 734 672 795 p.
699 714 772 776 600.
801 711 879 775 Vide
902 712 980 776 infra
1002 713 1039 776 ad
1068 715 1162 778 1266.

279 823 330 885 87.
361 822 413 896 την
445 823 565 900 ἡμερίαν
594 823 738 899 οὶψῖύα,
772 824 912 888 diurnam
944 834 1081 891 rotam.
1113 825 1207 911 Hipp.
1235 829 1316 890 1233

232 934 331 1014 ἁψῖδα
357 974 388 984 -
420 936 584 1014 ὀχήματος.
618 935 720 1001 Notus
745 946 790 1002 est
813 938 927 1003 Valerii
949 939 1049 1003 Flacci
1079 935 1199 1004 versus:
1225 940 1321 1003 inde

233 1049 436 1132 patefecit
459 1049 591 1112 radiis
616 1070 720 1114 nora
744 1051 920 1114 candida
944 1052 1108 1116 coelum.
1142 1051 1256 1116 Seneca
1281 1052 1318 1117 H.

233 1160 301 1227 Oet.
327 1166 410 1228 1922
437 1171 570 1226 testor
594 1164 772 1227 nitentis
794 1165 1320 1244 flammeamPhoehinoran,

232 1285 263 1341 ct
297 1278 340 1340 ita
375 1277 495 1361 saepius
532 1286 637 1362 poetae
668 1276 781 1344 Latini.
813 1278 958 1343 Similiter
989 1280 1021 1344 iu
1048 1280 1196 1343 Indorum
1224 1280 1320 1343 literis

234 1398 330 1455 rotam
355 1389 433 1454 Solis
458 1414 522 1454 csse
547 1391 718 1476 symbolum
743 1394 871 1457 tradunt
893 1394 1015 1458 illarum
1041 1395 1140 1478 periti.

278 1508 330 1569 89.
363 1506 488 1585 σμύρνης
519 1505 700 1589 οίνύδρον,
732 1508 901 1572 secundum
933 1509 1103 1574 Brodaeum
1135 1510 1231 1592 „quia
1254 1509 1319 1571 solo

232 1618 316 1682 arido
340 1626 370 1682 et
394 1619 473 1682 sicco
498 1619 643 1701 gaudet.”
683 1620 790 1684 Potius
814 1622 1009 1698 crediderim,
1037 1623 1109 1706 quia
1133 1622 1321 1686 suffimentu-

231 1754 316 1809 rum,
348 1732 407 1797 nisi
439 1733 518 1795 sicca
550 1743 638 1807 sunt,
671 1733 777 1798 nullus
801 1742 847 1798 est
870 1756 956 1800 usus,
982 1730 1128 1812 ‘Reiske‚
1154 1737 1207 1819 qui
1231 1736 1262 1799 in
1286 1758 1318 1798 re

230 1847 356 1909 metrica
391 1845 479 1930 plane
514 1854 577 1910 erat
612 1847 739 1932 hospes,
776 1850 905 1914 coniecit
936 1849 1086 1931 Ἀσσυρίου
1117 1849 1242 1914 scilicet.
1285 1849 1316 1912 Si

232 1957 412 2022 vocabulum
438 1967 516 2023 esset
539 1960 753 2043 depravatum,
779 1962 887 2026 melius
912 1970 992 2026 certe
1019 1963 1197 2026 coniecisset
1225 1961 1316 2040 σμύρ-

230 2098 277 2148 νης
300 2072 324 2136 δ’
348 2072 521 2150 Ἀροίβων
544 2073 663 2146 κατνύς.
700 2073 758 2138 Sed
783 2075 861 2138 nihil
885 2085 996 2140 temere
1020 2076 1207 2140 novandum.

277 2192 328 2253 91.
352 2185 495 2252 θύσσερ.
530 2186 577 2250 Of.
606 2210 682 2271 quae
699 2190 805 2273 scripsi
830 2190 866 2253 ad
891 2189 928 2254 Ο.
956 2190 990 2254 R.
1018 2192 1036 2252 2
1062 2197 1091 2254 et
1109 2193 1159 2256 211.
1195 2189 1318 2272 (logna-

231 2311 297 2367 tum
323 2312 368 2365 est
391 2302 517 2365 fortasse
542 2301 772 2386 Hesychianum
796 2304 1023 2368 θθσσεσθαν·
1048 2305 1156 2379 αἰτεῖν,
1181 2303 1318 2368 ἱκετεύειν

230 2423 260 2479 et
284 2415 536 2493 θεσσθμενος·
561 2415 708 2493 δεόμενος,
733 2416 951 2497 ζητούμενος
978 2419 1132 2502 (suspicor
1156 2417 1319 2493 ἕξαντού-
1362 2469 1365 2474 ,

230 2553 353 2608 μενος,
384 2529 420 2594 cl.
444 2530 600 2594 θέσσαντο·
625 2529 800 2617 ἕξηίτησαν),
825 2531 976 2608 ἱκετεύων,
1002 2510 1084 2595 unde
1108 2531 1245 2595 θέσσαντο
1268 2553 1316 2614 ap.

233 2644 322 2709 Pind.
346 2641 434 2708 Nem.
458 2643 495 2709 V.
520 2647 560 2706 18
586 2651 616 2708 ct
633 2643 812 2723 ,taratauc
838 2644 964 2711 Hesiod.
987 2645 1021 2709 fr.
1039 2650 1089 2710 23.
1112 2643 1222 2729 Nuper
1238 2644 1316 2708 Mor.

233 2733 372 2825 sermm
404 2758 549 2843 Sophocli
579 2757 616 2821 0.
643 2757 677 2823 n.
702 2762 742 2822 aa
768 2781 822 2842 pro
846 2757 1019 2839 εζνρεεν
1043 2758 1169 2838 εοεαε,
1193 2756 1319 2822 renuen-

232 2875 305 2937 dum
331 2873 458 2936 coniecit
482 2872 713 2948 θεσσύμεσθ
737 2873 873 2950 ἐφέστιον.
897 2871 944 2935 Od
962 2898 980 2936 σ
999 2876 1058 2935 191
1078 2871 1208 2946 Bekker,
1226 2873 1316 2936 Hom.

233 2989 347 3063 azau,
373 3008 428 3070 pro
451 3010 501 3062 μιν
525 2982 706 3059 θησαίατ’
727 2984 935 3068 reponendum
954 2985 1085 3048 coniecit
1100 3010 1149 3062 μιν
1166 2985 1318 3048 θεσσαί-

232 3099 288 3165 ατ’
310 3101 530 3190 interpretatus
551 3099 723 3171 τοθοῖεν,
745 3097 855 3161 Nauck
874 3096 1059 3174 θηήσαντ’,
1080 3098 1181 3161 deleto
1197 3122 1256 3174 μιν.
1273 3134 1318 3146 -

231 3214 397 3295 τρίποδα
431 3211 576 3292 ζύθεον.
621 3209 737 3275 Locum
765 3211 821 3278 ¹his
857 3211 955 3276 verbis
987 3211 1146 3296 descripsit
1178 3211 1317 3275 Iustinus

233 3326 352 3402 XXIV,
378 3330 414 3388 6:
447 3325 489 3389 In
514 3325 581 3388 hoc
604 3325 708 3408 rupis
732 3325 919 3402 anfractu,
945 3325 1064 3388 media
1088 3325 1199 3388 ferme
1223 3346 1317 3387 mon-

231 3441 280 3504 tis
312 3437 534 3514 altitudine,
571 3437 750 3522 planities
783 3438 916 3520 exigua
948 3444 1001 3501 est
1031 3445 1138 3520 atquc
1169 3437 1317 3520 profun-

231 3556 316 3618 dum
340 3562 455 3617 terrae
479 3551 660 3635 foramen,
686 3550 782 3634 quod
806 3550 843 3614 in
869 3550 1017 3614 oracula
1041 3557 1157 3634 patet;
1182 3573 1222 3615 ex
1245 3574 1316 3635 quo

231 3668 398 3753 frigidus
422 3666 580 3752 spiritus
606 3665 638 3728 vi
664 3665 819 3750 quadam
844 3664 947 3727 velut
971 3672 1078 3727 vento
1102 3664 1138 3727 in
1162 3663 1316 3730 sublime

231 3783 417 3868 expulsus
442 3789 590 3844 mentes
615 3788 739 3842 vatum
764 3779 802 3841 in
820 3777 1040 3841 vecordiam
1058 3778 1317 3863 vertitimple·

191 3896 193 3900 ’
231 3905 367 3979 tueque
391 3894 462 3957 deo
486 3911 677 3976 responsa
700 3889 998 3954 consulentibus
1022 3889 1105 3953 dare
1130 3891 1243 3975 cogit.
1267 3891 1315 3957 cf.

232 4008 295 4074 Cic.
319 4009 357 4072 de
382 4007 479 4092 divin.¹
499 4006 525 4082 Ι,
551 4009 611 4081 36,
632 4005 721 4068 Diod.
739 4003 798 4068 Sic.
816 4003 909 4080 XVI,
927 4002 1010 4067 Plut.
1028 4003 1065 4066 de
1082 4002 1141 4067 def.
1161 4009 1313 4084 011142,

234 4123 315 4185 Hinc
350 4129 455 4184 noster
485 4119 551 4203 Iph.
576 4118 609 4184 Τ.
638 4121 721 4180 1249
746 4125 882 4195 μαντεῖον
904 4117 1014 4198 χθθννον
1038 4124 1142 4192 vocat,
1169 4125 1199 4181 et
1222 4119 1313 4196 olim,

230 4244 353 4298 auctore
387 4234 544 4309 Diodoro,
579 4232 708 4308 ἐνομίσθη
742 4241 795 4306 τῆς
825 4240 882 4305 Γῆς
906 4228 1033 4295 εἶναιτὸ
1055 4232 1233 4310 χρηστήριον.
1268 4231 1314 4298 Of.

233 4347 375 4432 Aeschyli
400 4345 607 4410 Eumenidum
633 4345 814 4429 principium
838 4343 944 4427 ibique
966 4345 1156 4428 interpretes.
1179 4343 1227 4408 De
1246 4344 1313 4430 ipso
