3112 4914
638 387 892 431 oouuunrsurus.
1249 369 1309 432 181

223 581 398 661 δυστυχεῖν,
428 587 590 664 postquam
623 578 662 649 de
691 579 782 642 caede
807 580 954 664 loquutus
979 589 1024 643 est
1047 580 1237 663 ineptissime
1260 580 1310 644 ad·

223 695 323 770 ditur,
356 703 387 757 et
417 701 483 757 tota
511 693 609 757 oratio
640 693 814 776 importune
838 696 1025 758 sententiosa
1049 694 1124 759 est.”
1156 695 1306 757 Buuflsu.

222 808 328 872 Eiecto
352 830 396 871 vs.
423 811 485 869 845
512 806 591 870 hanc
613 807 704 870 crisin
729 806 789 869 sibi
812 807 931 871 facilem
955 807 1089 871 reddidit
1113 806 1304 887 Badhamus,

222 923 265 985 sic
297 921 377 984 enim
414 920 498 983 locus
531 919 663 1003 amplius
696 941 757 982 nou
790 930 836 984 est
869 921 1036 986 Hermanni
1067 921 1205 1005 opinioni
1236 922 1308 985 δυοῖν

221 1035 331 1113 ἐχθροῖν
363 1042 394 1096 et
425 1030 547 1112 θάτερον
576 1039 686 1095 neutro
719 1053 828 1114 genere
853 1055 917 1095 esse
941 1032 1134 1118 accipienda,
1160 1040 1195 1095 ut
1219 1039 1308 1117 poeta

220 1168 282 1210 non
313 1146 458 1229 loquatur
490 1145 528 1208 de
559 1143 681 1208 duobus
714 1145 890 1209 hominibus
923 1145 975 1209 sed
1008 1145 1045 1209 de
1075 1145 1195 1210 duabus
1219 1146 1307 1229 quasi

107 1325 109 1327 ,
221 1258 405 1332 factionibus
430 1258 580 1334 inimicis,
610 1279 738 1342 quarum
763 1259 859 1322 altera
882 1268 1001 1322 constet
1024 1281 1040 1321 e
1064 1267 1148 1342 patre
1173 1266 1203 1321 et
1224 1257 1306 1333 filio,

220 1372 315 1436 altera
348 1394 364 1435 e
396 1371 460 1459 sola
492 1369 614 1435 Creusa.
660 1369 760 1449 Quam
793 1373 974 1435 sententiam
1006 1395 1044 1435 an
1075 1372 1197 1455 linguae
1213 1373 1220 1380 ”
1229 1372 1307 1435 ratio

220 1487 393 1572 permittat,
419 1506 480 1548 uon
504 1484 662 1560 dirimam,
688 1485 740 1548 sed
757 1486 815 1549 hoc
833 1486 920 1548 video
936 1487 1105 1569 genuinum
1122 1483 1307 1549 habentibus

220 1621 262 1663 ιε.
296 1602 361 1666 845
395 1597 512 1662 nullam
546 1598 635 1660 aliam
660 1598 892 1683 explicationem
919 1599 1027 1661 horum
1053 1620 1193 1662 versuum
1218 1599 1307 1663 relin-

219 1714 290 1797 qui,
316 1715 359 1776 ita
383 1720 417 1775 ut
441 1711 478 1774 de
502 1709 616 1791 θοίτερον
641 1733 696 1795 pro
719 1712 766 1775 τὸν
789 1710 882 1792 ἕτερον
906 1713 988 1776 dioto
1008 1735 1046 1776 ne
1066 1734 1165 1775 sermo
1182 1712 1304 1796 quidem

219 1849 282 1890 esse
314 1827 419 1910 possit.
461 1824 591 1907 Reliqua
624 1846 692 1887 vero
728 1826 792 1888 eius
824 1833 1019 1909 argumenta,
1054 1826 1110 1889 etsi
1146 1848 1208 1889 rem
1244 1847 1305 1888 nou

219 1963 343 2024 prorsus
376 1939 555 2015 conficiant,
588 1948 660 2002 suut
694 1950 794 2003 tamen
826 1938 977 2002 eiusmodi
1009 1950 1043 2002 ut
1072 1962 1131 2002 νεε.
1155 1939 1305 2022 genuinos

218 2077 284 2118 esse
314 2041 510 2141 'confirmare'
533 2075 594 2117 non
630 2055 738 2118 ausim.
782 2053 886 2133 Quare
922 2055 1067 2130 uncinos,
1105 2053 1217 2137 quibus
1253 2077 1304 2118 eos
1414 2102 1417 2111 .

218 2177 379 2252 sepserunt
402 2167 540 2230 Badham
565 2177 595 2230 et
621 2167 754 2231 Diudorf
775 2180 804 2230 et
827 2167 958 2244 Nauck,
984 2190 1045 2232 non
1069 2169 1194 2231 removi.

264 2285 338 2345 852.
368 2280 555 2364 τροφεῖοι,
580 2281 618 2345 ab
644 2266 778 2345 Homeri>
803 2292 909 2345 vocata
931 2283 1074 2362 θρέττροι,
1099 2283 1162 2347 sive
1186 2284 1301 2361 θοεττή-

215 2418 270 2473 οιοι.
315 2394 362 2459 Cf.
393 2395 553 2476 νόμιοτοοι,
586 2396 736 2474 μήνυτρον,
769 2395 923 2476 δίδονκτονι,
948 2395 1137 2473 belocasium,
1162 2398 1303 2475 ὀττήοιοι,

215 2507 364 2588 ζωάγριον,
399 2515 540 2590 σῶστρον,
567 2510 710 2589 σωτήριον,
742 2508 926 2589 μοιχοίνριοι,
956 2509 1141 2586 cimilia,
1170 2512 1303 2589 ἰοιτοεῖοι,

215 2623 380 2702 νικητήριον,
413 2623 553 2698 ἐπινίκιον,
579 2621 638 2684 alia
662 2621 769 2706 plura,
794 2623 826 2686 in
850 2623 963 2707 quibus
987 2623 1135 2686 solleuuis
1159 2633 1205 2687 est
1229 2646 1304 2687 usus

215 2736 335 2799 numeri
355 2735 492 2820 pluralis.
516 2734 590 2799 Alio
606 2757 697 2798 seusu
714 2736 793 2799 infra
808 2742 932 2817 τοοφεῖοο
949 2746 1131 2820 usurpatum
1148 2759 1190 2800 vs.
1212 2739 1304 2801 1493.

261 2852 336 2914 858.
361 2849 430 2929 ζῶν
454 2875 495 2914 τε
517 2849 673 2930 φέγγος
696 2852 862 2929 eliopeto.
900 2849 947 2913 Of.
973 2850 1011 2912 ad
1039 2853 1110 2915 120.

260 2967 324 3027 854
350 2987 395 3048 sq.
429 2964 478 3026 Ad
510 2963 691 3028 senteutiam
717 2986 858 3050 compara
882 2964 919 3026 fr.
946 2967 1008 3026 823
1034 2962 1133 3047 (Stob.
1160 2967 1219 3040 62,
1245 2965 1303 3048 39)

214 3083 345 3141 πολλοῖσι
370 3076 476 3148 δούλοις
500 3075 615 3152 τοῦνομ’
640 3078 779 3160 οιῐοχοάν,
812 3081 829 3152 ἡ
853 3079 882 3141 δὲ
906 3079 981 3158 tupho
1000 3077 1006 3164 Ι
1026 3085 1082 3140 τῶν
1105 3078 1174 3158 οὐχὶ
1198 3076 1303 3142 δούλων

212 3189 273 3255 ἐστ’
304 3191 518 3271 ἐλευθερωτέροι.
556 3190 602 3255 Of.
636 3191 670 3255 lr.
703 3195 778 3268 514,
812 3195 886 3277 515,
918 3195 993 3269 9511,
1026 3191 1095 3256 Hel.
1130 3194 1192 3256 728
1218 3211 1301 3276 sqq„

212 3305 305 3391 soph.
329 3305 436 3370 urach.
462 3286 502 3369 oc
520 3327 565 3389 sq.
591 3314 622 3368 er
644 3305 679 3369 u.
704 3309 780 3371 err.

258 3422 332 3482 858.
359 3418 406 3483 01.
431 3419 524 3504 Soph.
549 3421 632 3484 Aiac.
654 3423 717 3485 479
736 3443 781 3505 sq.
810 3420 854 3484 ul.
873 3419 958 3484 lacu
976 3442 1020 3502 sq.
1045 3419 1116 3484 llur.
1134 3419 1187 3484 Or.
1206 3424 1301 3484 1144.

212 3532 372 3597 Contraria
400 3544 446 3597 est
476 3533 653 3618 Iphigeniae
685 3535 836 3597 sententia
869 3535 900 3597 iu
933 3533 1002 3598 Aul.
1028 3556 1069 3597 vs.
1095 3510 1179 3596 1225
1204 3541 1301 3605 κοινῶς

258 3764 332 3824 859.
366 3757 385 3825 ὦ
413 3763 538 3841 puzol.
576 3760 648 3824 Nou
677 3783 744 3824 raro
775 3762 818 3824 sio
849 3761 931 3846 apud
965 3761 1095 3843 tragicos
1126 3760 1299 3824 animum

212 3866 350 3937 homines
374 3896 462 3937 suum
487 3874 674 3959 compellant
705 3872 750 3939 Of.
775 3873 867 3959 Soph.
885 3873 992 3937 Trach.
1015 3877 1108 3950 lucu,
1127 3872 1205 3938 Phil.
1225 3876 1299 3949 718.

211 3987 261 4051 Sic
291 3989 385 4063 θυμὲ
415 3988 489 4052 Eur.
524 3989 605 4053 Med.
640 3993 733 4066 1056,
757 3989 899 4069 κοιρδίοο
922 3988 976 4052 Or.
1003 3992 1078 4064 466,
1104 3988 1197 4072 Hipp.
1223 3991 1297 4067 841,

211 4100 280 4184 Iph.
313 4101 348 4165 Τ.
372 4105 448 4177 ctu,
475 4102 558 4166 Med.
589 4106 681 4179 1242,
706 4103 772 4168 Alc.
798 4107 872 4180 840,
898 4115 969 4168 cett.
1006 4101 1124 4166 Notum
1149 4112 1194 4164 est
1218 4101 1296 4165 illud

210 4215 387 4280 Archilochi
410 4215 498 4292 θυμέ,
523 4217 589 4294 θύμ’
611 4217 791 4298 οὶμνχοὶνοιοι
816 4219 949 4294 τήμοιτιν
973 4217 1128 4294 κυκώμενε.
1151 4216 1211 4279 κτὲ.

256 4332 330 4396 888.
352 4332 500 4403 σκοτίους
523 4331 638 4404 eburis.
664 4331 709 4397 Of.
733 4331 842 4397 Troad.
868 4335 910 4395 44
930 4331 1040 4397 σκότιον
1055 4331 1155 4410 λέχος,
1172 4327 1212 4392 ib.
1231 4331 1293 4394 252
