3112 4914
609 413 864 460 corruperamus,
1216 398 1279 462 195

189 616 295 688 γνῶναι
326 618 440 692 σαφῶς.
473 611 519 676 01.
555 612 628 676 Heo.
660 611 734 688 743,
765 611 826 675 761
855 613 929 695 (quo
953 609 1031 673 male
1055 611 1184 674 tuereris
1208 610 1277 674 vul-

190 725 322 806 gatam),
357 726 451 800 1003,
484 723 549 787 Ale.
583 726 656 801 533,
691 722 814 807 Hippol.
840 726 899 799 93,
932 721 1150 786 0100111133.
1177 721 1273 793 'Nihil

189 844 289 900 tamen
316 843 433 900 mutere
456 837 562 900 ausim.
931 901 935 909 ,

237 953 331 1014 1005.
366 950 518 1028 οἱκεσφά
525 973 583 1027 ρος
606 946 680 1011 alibi
703 971 766 1011 non
789 948 902 1011 lectum
926 947 1007 1031 apud
1033 947 1229 1030 antiquiores.

235 1064 331 1150 1006.
366 1060 534 1125 Construe:
570 1059 738 1140 καθάψασα
771 1061 905 1137 σώματος
939 1061 1022 1141 αμφὶ
1058 1061 1150 1126 παιδί.
1191 1061 1273 1123 Male
1324 1095 1327 1100 ·
1405 1056 1408 1060 ⁵

191 1174 291 1237 Heath
315 1174 401 1258 iungi
423 1175 513 1238 iussit
536 1176 565 1236 ἕν
587 1177 627 1255 τῷ
650 1174 785 1263 σώματος
814 1175 867 1255 (ae.
891 1174 993 1255 μέρει).
1029 1173 1155 1237 Frustra
1177 1174 1274 1237 sanis-

189 1288 298 1351 simum
322 1288 424 1351 locum
448 1288 631 1351 coniectoris
656 1295 803 1351 vexarunt
827 1287 991 1370 Musgrave
1015 1294 1045 1351 et
1067 1286 1187 1351 Reislre.

235 1403 331 1463 1009.
356 1401 424 1464 καί
444 1438 489 1449 -
512 1423 575 1483 γε,
600 1400 794 1482 adeoque.
818 1435 862 1447 —
884 1405 975 1480 Φορῶ
992 1399 1139 1482 111οφ1ρο
1157 1397 1274 1463 correxi

198 1515 362 1595 Veralapea
385 1513 441 1590 IV,
469 1520 499 1590 3,
524 1536 553 1598 p.
580 1516 651 1579 188.
686 1512 733 1577 of.
760 1515 858 1578 1016.
1159 1502 1160 1507 ¹

235 1630 331 1690 1010.
365 1632 440 1699 τῶς
470 1663 513 1676 -
545 1627 777 1707 κέκρανται,
813 1625 992 1710 quomodo
1025 1632 1273 1709 comparatum

191 1747 267 1815 est,
292 1740 331 1803 in
356 1761 470 1823 quem
494 1763 605 1803 usum
630 1740 895 1804 destinatum.
936 1738 1014 1802 Inde
1038 1762 1204 1823 suspensus
1228 1747 1274 1802 est

190 1851 365 1916 Infinitivus
388 1855 513 1933 χρῆσθαι
538 1855 633 1917 1013.
668 1852 714 1917 Cf.
740 1855 836 1916 1430.

238 1968 332 2029 1013.
357 1965 525 2046 ἐκφέρει.
560 1964 606 2029 Of.
631 1968 727 2030 1353.

235 2082 332 2142 1014.
356 2079 369 2141 ὁ
392 2078 570 2157 δεύτερος
598 2075 622 2140 δ’
644 2077 806 2158 οὲριθριὸς
830 2075 874 2142 ὃν.
905 2076 1066 2162 Mnsgrave
1087 2079 1273 2162 comparavit

193 2191 301 2256 Helen.
327 2194 390 2254 409
415 2192 541 2263 πολλοὺς
564 2191 760 2271 ἀριθμοὺς-
779 2190 926 2265 ναυαγίων
945 2212 1000 2274 pro
1016 2191 1117 2255 πολλοὶ
1133 2191 1273 2267 ναυάγια.

191 2303 337 2387 Suspecta
368 2311 469 2367 tamen
497 2303 588 2368 lectio
612 2303 853 2380 11111Νο00110,
879 2304 932 2388 qui
957 2304 1086 2367 coniecit
1109 2304 1122 2367 1
1145 2304 1273 2383 δεύτερος

191 2416 215 2478 δ’
238 2416 395 2494 οὶριθαὸν
419 2413 472 2480 ὧν.
497 2416 691 2499 Ingeniosam
715 2416 1273 2498 000110101001110010101131θρόμ-

191 2528 259 2605 βσς
292 2529 396 2591 notavi
427 2530 459 2591 in
491 2528 635 2612 margine.
677 2528 770 2593 Nunc
797 2528 877 2592 idem
902 2529 986 2594 stud.
1008 2554 1033 2594 ο.
1057 2533 1132 2596 Εαν.
1156 2555 1184 2616 p.
1207 2535 1271 2594 400

191 2642 321 2725 praefert
344 2641 403 2721 γοὶρ
427 2640 559 2720 θρόμβος.
584 2641 723 2705 Fortasse
745 2642 825 2705 idem
850 2642 1029 2705 vocabulum
1050 2644 1273 2708 restituendum

192 2755 224 2817 in
249 2754 523 2817 Phaethontis
547 2755 651 2838 fragm.
677 2756 750 2832 781,
778 2758 795 2816 6
819 2757 851 2819 οὐ
874 2756 992 2832 trierem
1016 2767 1272 2823 ΟΤΟΜΟΛΓΟΝ

193 2865 380 2948 ἕξομόρξετε,
401 2866 407 2956 Ι
427 2867 454 2931 εἴ
485 2892 540 2933 τον
571 2867 615 2940 τίς
647 2871 724 2933 ἐστιν
755 2867 880 2948 αἵματος
908 2871 1013 2950 χαμαι
1044 2873 1156 2949 aerum
1184 2873 1209 2935 si
1239 2895 1272 2936 re

193 3004 261 3045 vera
286 2982 328 3044 sio
352 2982 497 3064 seriptum
523 2989 620 3045 exstat
644 2981 675 3044 in
699 2982 803 3046 codiee
826 2983 907 3046 lectu
932 2983 1120 3049 difficillimo.
1146 2985 1274 3070 Aptissi-

141 3091 143 3095 ’
192 3117 275 3160 mum
301 3103 380 3159 certe
402 3095 499 3158 foret:
523 3095 613 3175 οὐχὶ
637 3095 802 3175 θρόμβον
826 3094 995 3174 ἕξοροόρξετε
1017 3100 1078 3162 κτὲ.
1108 3096 1209 3160 Nihili
1230 3107 1276 3162 est

193 3210 275 3292 quod
297 3210 432 3292 reposuit
449 3207 605 3272 Hermann
621 3210 683 3274 οὐκ
706 3207 876 3284 ἀμολγόν.
899 3210 1034 3287 Θρόμβος
1047 3219 1093 3273 est
1109 3233 1274 3294 grumus3

192 3322 361 3405 sanguis
393 3328 622 3384 concretus.
666 3319 712 3384 uf.
743 3320 853 3385 Aesch.
884 3320 960 3386 Cho.
985 3325 1059 3398 633,
1086 3323 1159 3400 646,
1184 3323 1275 3388 Eum.

196 3436 258 3496 164
284 3432 351 3516 (ubi
375 3433 462 3497 oodd.
485 3434 590 3513 θρόνος,
613 3441 782 3498 correctum
806 3457 824 3496 a
845 3429 1064 3520 Wakefieldo),
1090 3439 1160 3501 184.
1185 3437 1275 3502 Unde

193 3543 361 3624 θρνροβώδεις
384 3546 471 3624 οὶφροί
494 3545 587 3630 Soph.
611 3546 717 3611 Traoh.
745 3549 818 3612 713.

240 3661 332 3722 1015.
357 3664 427 3721 τῶν
450 3659 596 3738 Γοργόνος.
633 3659 792 3723 Wecklein
817 3661 835 3723 l.
851 3659 871 3725 l.
896 3662 1011 3725 mavult
1034 3665 1075 3727 ἐκ.
1101 3661 1186 3728 Gur?

241 3773 336 3836 1017.
372 3773 641 3850 συμμίγνυται
673 3773 753 3836 libri.
794 3773 989 3839 Contrarium
1025 3798 1128 3839 verum
1163 3785 1207 3840 est
1244 3778 1276 3841 in

193 3907 293 3948 rerum
328 3893 447 3948 natura.
494 3883 597 3964 Quare
632 3884 809 3963 σνμριικτέον
846 3887 891 3951 vel
926 3888 1095 3966 συμμικτέα
1131 3891 1276 3973 proposui
1348 3910 1350 3915 ·

202 4000 366 4082 Verslapen
396 3997 452 4074 17,
488 4002 506 4059 3
540 4021 568 4082 p.
595 4001 666 4062 188.
709 3998 827 4083 Fragm.
860 4004 898 4062 21
925 4003 975 4064 οὐκ
997 3999 1032 4064 aa
1056 4002 1165 4078 γένοιτο
1187 4005 1276 4083 χωρὶς

192 4111 283 4176 ἐσθλοὶ
303 4113 352 4176 καὶ
376 4109 474 4188 κακοὶ,
497 4110 592 4200 13207
614 4113 678 4177 ἐστι’
699 4137 743 4184 τις
766 4112 936 4191 σύγκρασις.

240 4226 335 4287 1018.
367 4226 380 4289 ὃ
413 4225 573 4288 κτείνων
603 4215 705 4288 ἔσει.
737 4225 801 4287 Aut
829 4225 871 4288 sie
899 4224 1008 4288 Graeci
1031 4225 1201 4310 loquuntur
1223 4233 1278 4290 aut

192 4333 221 4401 εἷ
239 4338 252 4401 ὁ
275 4341 396 4418 κτενῶν,
418 4357 479 4400 non
496 4336 552 4401 ἔσει
569 4338 582 4401 ὃ
598 4341 712 4403 κτενῶν.
737 4335 819 4400 11100
835 4338 954 4422 corrige
970 4337 1063 4423 Soph.
1081 4339 1162 4402 Phil.
1181 4341 1277 4404 1343.

1111 4452 1165 4499 13*
