3112 4914
596 403 848 449 couuarrraarus.
1213 385 1275 449 109

188 605 206 663 6
238 600 438 664 Erechtheus.
480 603 496 664 7
530 599 661 684 Cecrops
697 600 740 665 II.
780 603 798 662 8
832 599 971 663 Pandion
1007 599 1050 664 ΙΙ.
1090 604 1108 662 9
1140 601 1272 682 Aegeus.

188 718 228 779 10
254 715 398 780 Theseus.
433 714 513 778 Vide
538 737 669 779 marmor
693 715 949 780 Arundelianum.
974 714 1111 780 Baauns

171 855 177 864 ¹
231 832 304 892 269.
341 810 463 895 'Addaia
496 829 680 893 Constanter
712 831 767 894 hac
797 831 930 893 nominis
962 830 1058 894 forma
1091 831 1200 913 tragici
1229 831 1277 894 usi

186 954 268 1009 sunt.
297 944 342 1008 Of.
369 944 484 1008 Porsou
506 943 544 1007 ad
565 943 665 1008 Orest.
692 946 750 1021 26,
782 944 835 1008 ubi
855 944 934 1009 idem
954 953 1058 1009 monet
1075 944 1113 1008 de
1134 944 1277 1009 dorismis

172 1059 282 1144 ὄνομά,
315 1057 414 1136 ἔκοντο,
445 1060 591 1137 κννοογός,
624 1059 772 1135 medarde,
804 1059 956 1139 λοχοονός,
981 1058 1125 1136 ξεναγός,
1150 1059 1275 1136 beralde,

187 1196 316 1257 quorum
347 1197 415 1259 pars
441 1182 486 1237 est
510 1173 696 1259 pedestrium
721 1195 844 1257 quoque
869 1191 927 1237 usu
950 1173 1118 1238 tritissima.
1150 1172 1277 1237 Veteres

187 1288 305 1364 Attici,
342 1298 403 1351 tam
442 1287 597 1372 pedestres
635 1310 725 1372 quam
763 1288 869 1351 comici
883 1337 892 1369 ,
933 1286 1122 1370 usurpabant
1149 1287 1276 1351 formam

185 1403 352 1483 Ἀθηναίοις,
371 1402 452 1465 unde
469 1403 677 1466 contractione
695 1402 746 1482 (ex
764 1401 906 1484 Ἀθηνοὶοο)
923 1410 994 1466 nata
1009 1411 1056 1466 est
1068 1401 1165 1465 forma
1177 1424 1278 1467 recen·

186 1517 247 1579 tior
277 1518 404 1596 Ἀθηνᾶ,
430 1539 507 1599 quae
533 1516 624 1601 vulgo
649 1515 788 1580 adhiberi
813 1525 920 1600 coeptu
945 1525 990 1580 est
1015 1524 1085 1601 post
1109 1516 1276 1581 Euclidem.

186 1631 326 1704 Ἀθννοοίοο
348 1630 504 1694 interdum
528 1631 644 1716 legitur
664 1630 745 1714 apud
773 1631 954 1715 Aeschylum
972 1653 1097 1714 quoque
1114 1638 1144 1693 et
1158 1630 1278 1714 Euripi-

187 1745 266 1821 dem,
284 1743 435 1808 abstinuit·
455 1743 630 1827 Sophocles.
652 1744 812 1809 Homerica
824 1751 897 1807 sunt
909 1744 1012 1819 Ἀθήνη
1026 1752 1056 1808 et
1069 1744 1214 1820 ’Adnuntia
1231 1744 1277 1809 Of.

188 1859 374 1935 Waeauaur,
389 1859 460 1922 Cur.
472 1861 582 1941 Epipr.
594 1880 659 1942 pag.
677 1859 714 1920 10
728 1881 794 1943 sqq.
811 1858 927 1922 Eodem
940 1867 1064 1924 auctore
1078 1881 1145 1942 pag.
1157 1860 1198 1920 20
1210 1880 1275 1942 sqq.

186 1972 258 2036 dedi
283 1973 395 2057 ubique
420 1970 514 2036 εἷ’νεκοο
538 1994 591 2056 pro
615 1971 716 2037 οὕνεκον
737 1971 853 2056 (advena
875 1981 904 2036 et
925 1973 1057 2039 ὁθούνεκα
1068 1972 1179 2057 tragici
1192 1972 1277 2036 adbi-

187 2085 261 2155 bent
293 2109 347 2172 pro
379 2085 456 2171 tu),
486 2095 515 2149 et
539 2108 653 2149 memor
677 2108 781 2151 eorum
805 2110 885 2172 quae
909 2088 1032 2172 scripsit
1055 2111 1123 2173 pag.
1148 2090 1189 2150 45
1212 2109 1276 2170 sqq.

150 2178 153 2183 ,
188 2223 228 2264 rs.
260 2204 323 2264 272
357 2211 387 2264 et
415 2199 489 2265 alibi
514 2201 622 2285 scripsi
647 2199 761 2281 σῴζειν,
787 2202 942 2286 quomodo
967 2202 1156 2286 antiquiores
1180 2200 1277 2285 scrip-

187 2315 262 2378 sisse
285 2338 300 2378 e
324 2315 424 2379 titulis
449 2322 577 2379 constat.

233 2432 306 2493 270.
338 2431 393 2500 εἷς
426 2429 640 2510 παρθένους
668 2454 713 2507 γε
737 2437 897 2514 χοῖρος,
922 2431 959 2494 in
983 2430 1165 2514 virgineas
1191 2452 1273 2493 suas

187 2566 320 2608 manus.
351 2531 436 2607 Male
465 2543 631 2608 Barnesius
663 2544 882 2628 interpretatur
913 2545 951 2609 de
982 2544 1127 2629 Cecropis
1150 2544 1273 2609 filiabus

186 2676 299 2721 musea.

233 2774 306 2837 271.
332 2772 379 2834 De
403 2770 508 2835 fabula
534 2772 601 2837 vide
625 2773 662 2836 ad
687 2777 739 2837 20.

232 2886 305 2949 273.
328 2892 435 2965 τεῦχος
457 2909 498 2942 :
518 2884 626 2962 ἄγνος.
663 2885 818 2951 Pocula
843 2887 886 2950 sie
910 2886 988 2951 infra
1011 2885 1157 2951 dicuntur
1180 2888 1273 2969 1179,
1326 2871 1328 2874 ,

190 3001 284 3079 1184,
308 2998 368 3061 alia
392 3021 461 3062 vasa
482 2998 565 3084 Gyel.
589 3003 640 3080 88,
663 3002 737 3077 207,
761 3003 835 3080 255,
856 2999 903 3066 El.
925 3004 1000 3078 140,
1015 3002 1090 3078 360,
1106 3001 1184 3064 Ἠοο.
1200 3003 1274 3066 609.

186 3113 256 3197 Iph.
285 3116 357 3177 168.
382 3113 466 3177 Loco
491 3113 629 3178 Electrae
657 3118 717 3178 108
743 3122 871 3192 reantur
893 3113 1014 3196 ἄχθος
1038 3115 1086 3180 ἐπὶ
1109 3115 1275 3194 κεκαρμένῳ

186 3229 261 3311 κοὲρᾳ
280 3227 285 3317 Ι
306 3229 449 3310 φέρονσοον
473 3228 688 3313 corrigendum
713 3252 777 3293 esse
810 3227 940 3306 ἄγνος
969 3229 1175 3294 demonstravi
1205 3229 1276 3294 Ver·

186 3346 288 3425 alopen
312 3341 368 3418 IV,
394 3347 424 3419 2,
452 3346 512 3407 197
533 3365 578 3427 sq.
668 3391 670 3395 ,

233 3459 307 3520 274.
334 3455 378 3519 De
403 3456 529 3520 historia
551 3456 694 3520 convenit
718 3456 861 3542 Euripidi
885 3479 953 3521 cum
979 3457 1130 3521 Pausania
1145 3457 1172 3534 Ι,
1191 3461 1273 3535 18,2

188 3580 218 3632 et
256 3569 378 3653 Hygino
416 3572 539 3634 Astron.
575 3577 658 3654 poet.
691 3569 735 3647 ΙΙ,
767 3573 816 3635 ]3.
846 3570 896 3634 Ab
920 3570 1032 3634 Ouidio
1067 3571 1204 3656 [Metam.
1228 3571 1273 3649 II,

191 3681 377 3770 708-832]
414 3683 502 3747 aliter
536 3692 685 3749 narratur.
722 3685 844 3750 Musca.
884 3685 990 3749 Minus
1024 3695 1179 3765 accurate3
1204 3709 1274 3751 nam

188 3803 309 3859 auctore
344 3795 467 3880 Hygino
502 3796 533 3859 in
569 3819 651 3860 mare
686 3820 718 3861 se
753 3801 961 3863 coniecerunt.
1012 3798 1071 3863 Sed
1106 3798 1273 3864 Pausanias
1379 3831 1380 3835 ¹

187 3918 288 3973 narrat
323 3932 371 3972 eas
405 3909 560 3985 palasolel
592 3935 626 3975 τε
659 3913 709 3975 aul
745 3913 826 3978 κοντοὶ
858 3921 910 3987 τῆς
943 3913 1124 3994 ἀκροπόλεως
1152 3912 1218 3978 Arda
1241 3911 1273 3990 ἦν

176 4023 323 4098 ’μάλιστα
352 4009 498 4100 ἀπότομον
530 4024 625 4096 adrolo
655 4029 748 4105 ῥῖψον.
784 4025 830 4090 Cf.
865 4026 1009 4110 Apollod.
1033 4026 1096 4104 ΙΙΙ,
1129 4028 1167 4090 14
1181 4029 1217 4111 0
1241 4031 1278 4097 0.,

187 4136 224 4199 In
256 4136 313 4199 bae
342 4158 419 4219 rupe
451 4136 515 4220 (eui
549 4137 673 4216 Μνκρονί
703 4141 828 4222 nomen)
861 4147 925 4201 erat
958 4137 1084 4222 Aglauri
1108 4138 1253 4202 sacellum
1263 4189 1272 4218 ‚

186 4247 291 4332 ibique
323 4256 401 4312 teste
432 4249 583 4313 Pausania
614 4249 634 4314 l.
660 4249 682 4313 l.
711 4258 742 4315 et
766 4250 925 4314 Herodoto
949 4251 1059 4316 Persae
1081 4273 1179 4316 arcem
1204 4273 1272 4315 eou-

187 4361 379 4425 scenderunt.
405 4361 475 4425 Her.
503 4360 593 4438 VIII,
618 4365 677 4426 53:
703 4361 845 4444 ἔμπροσθε
868 4357 904 4426 ὦν
929 4360 992 4450 [πρὸ
1017 4360 1096 4450 dele]
1117 4371 1169 4437 τῆς
1189 4363 1273 4444 dupo-
