3112 4914
293 367 354 430 126
703 379 955 423 corruperamus.

335 579 408 640 881..
444 582 608 644 πολλοῖς
642 611 687 621 -
721 573 886 651 βροτῶν,
923 571 1003 654 quod
1040 582 1085 633 est
1117 570 1148 632 in
1180 566 1281 642 libris,
1311 590 1370 629 non

289 690 403 753 indicat
423 689 482 752 nisi
500 698 614 772 partem
632 689 805 766 hominum,
823 694 942 757 πολλοῖς
957 686 1070 763 βροτοῖς
1086 693 1185 750 totum
1204 685 1388 762 humanum*

289 826 401 886 genus,
431 804 519 866 cuius
544 802 736 886 praedicatur
759 800 935 864 multitudo.
971 800 1173 864 Provocat-um
1198 808 1300 862 eutem
1326 794 1394 860 est¹

289 919 346 980 hoc
369 917 577 1000 praedicatum
600 937 776 1000 praegresso
800 916 928 989 πολλαί,
955 923 989 976 ut
1013 914 1123 977 Graeci
1148 914 1286 977 studiose
1311 934 1371 974 sec-

289 1031 346 1094 tari
370 1031 468 1094 solent
492 1029 668 1094 huiusmodi
693 1030 909 1099 assonantiaa·
921 1028 1020 1111 qualis
1036 1038 1066 1091 et
1083 1029 1157 1091 haec
1173 1035 1219 1089 est
1236 1039 1267 1088 et
1282 1026 1371 1097 κακῶς

289 1151 401 1221 κακῶς,
426 1144 522 1214 καινὸς
542 1146 571 1207 ἕν
589 1145 692 1224 καινῷ,
715 1142 824 1211 κλεινός
848 1143 876 1205 ἐν
900 1145 1018 1220 αλεινῶ,
1041 1142 1113 1220 ὀρθὸς
1134 1143 1162 1205 ἐν
1183 1142 1265 1221 ὀρθῷ,
1284 1142 1370 1204 aliae·

290 1280 349 1341 que
373 1256 553 1341 permultae.
586 1255 739 1335 Quocirca
762 1256 861 1338 recepi
885 1277 953 1318 cum
978 1254 1122 1318 Nauckio
1146 1255 1223 1318 hanc
1248 1253 1369 1318 Stobaei

290 1371 450 1434 lectionem
482 1370 536 1433 hos
570 1392 627 1434 vss.
660 1369 811 1432 afferentis
839 1368 908 1431 fior·
929 1371 981 1442 98,
1008 1372 1059 1432 41.
1094 1367 1143 1432 Ab
1168 1368 1274 1431 eodem
1299 1391 1368 1431 cum

291 1483 451 1548 Dindorfio
475 1489 633 1547 mutuatus
657 1504 724 1544 sum
749 1483 929 1566 scripturam
953 1487 1081 1560 μορφαῖς
1106 1502 1161 1565 pro
1184 1481 1314 1561 μορφαὶ,
1340 1492 1370 1544 et

290 1599 363 1680 quia
393 1596 532 1672 facilius,
563 1617 739 1679 praegresso
762 1595 914 1676 συμφοραὶ
921 1644 930 1672 ,
955 1595 1033 1659 illud
1058 1596 1090 1658 in
1114 1595 1171 1658 hoc
1196 1613 1286 1678 quem
1312 1595 1369 1658 hoc

246 1704 249 1709 ¹
289 1711 321 1775 in
352 1709 430 1773 illud
463 1710 544 1773 abire
576 1710 696 1792 potuit,
730 1719 760 1771 et
791 1709 881 1790 quia,
914 1709 939 1771 si
967 1710 1082 1789 μορφαὶ
1105 1709 1284 1787 scribimus,
1308 1731 1370 1772 non

290 1845 386 1907 aeque
410 1823 605 1907 perspicuum
630 1832 675 1884 est
698 1830 817 1905 poetam
840 1821 971 1884 voluisse
993 1823 1105 1901 μορφαὶ
1122 1828 1291 1903 συμφορῶν,
1308 1843 1369 1885 non

289 1937 400 2018 μορφαὶ
423 1935 550 2015 βροτῶν,
577 1956 667 2018 quem
691 1935 716 1997 si
740 1935 870 2017 legimus
887 1941 1026 2016 μορφαῖς.
1050 1933 1195 1998 Ceterum
1211 1935 1291 1997 inter
1308 1934 1370 1997 duo

291 2047 372 2112 bona
404 2052 488 2128 (nam
520 2047 635 2127 μορφαὶ
665 2046 737 2109 ferri
768 2046 850 2109 haud
879 2047 972 2111 dubie
1003 2051 1116 2131 potest)
1150 2047 1301 2110 difficilior
1326 2056 1370 2110 est

291 2162 385 2246 optio.
423 2160 469 2223 Ad
493 2160 675 2223 sententiam
699 2182 841 2243 compara
863 2160 1053 2223 notissimam
1074 2160 1259 2236 clausulam,
1278 2181 1367 2243 quam

290 2275 394 2358 posuit
419 2283 508 2357 poeta
531 2275 562 2336 in
585 2273 751 2337 Alcestidis
774 2274 963 2358 aliarumque
986 2273 1176 2358 quarundam
1197 2273 1369 2337 fabularum

291 2389 392 2452 exitu:
417 2387 525 2451 πολλαὶ
548 2386 660 2468 μορφαὶ
682 2393 737 2451 τῶν
760 2386 909 2464 δαιμονίων
932 2389 993 2452 κτὲ.
1027 2387 1163 2451 Tandem
1180 2386 1368 2471 probabilem

293 2501 416 2565 Heathii
441 2501 681 2564 emendationem
706 2500 816 2563 admisi
839 2523 908 2565 oum
933 2501 1110 2578 Dindorfio,
1140 2503 1184 2564 ita
1207 2511 1309 2564 tamen
1334 2509 1369 2564 ut

291 2615 382 2678 simul
405 2615 470 2698 ipse
494 2615 674 2697 corrigerem
698 2612 840 2689 ἄνθρωπον
862 2615 928 2695 βὶῳ.
953 2614 1073 2679 Unum
1098 2616 1158 2678 vix
1182 2616 1369 2680 hominem

291 2729 453 2792 felicem
488 2727 526 2791 in
564 2727 648 2789 vita
679 2727 762 2812 (sua)
794 2728 886 2812 quis
917 2728 1113 2792 inveniat.
1148 2728 1314 2812 Eleganter
1337 2739 1371 2792 ut

291 2841 385 2916 solet,
419 2841 508 2903 vertit
531 2839 676 2903 Grotius:
702 2839 859 2904 Multae
882 2842 1071 2905 miseriae
1095 2865 1221 2926 genus
1244 2844 1284 2906 in
1309 2843 1371 2905 hu-

291 2975 444 3018 manum
468 2953 668 3017 incidunt.
704 2952 850 3016 Variae
876 2954 1023 3017 videri:
1048 2977 1119 3018 nec
1141 2963 1288 3038 reperta
1312 2964 1371 3018 est

292 3068 491 3133 hactenus
515 3065 610 3128 Vita
633 3066 736 3142 ulla,
763 3067 880 3130 cuius
905 3067 1103 3151 perpetim
1129 3067 1231 3130 felix
1252 3077 1369 3130 tenor.

292 3180 457 3266 Sophocles
481 3179 562 3263 apud
587 3179 671 3244 Stob.
700 3183 777 3254 108,
805 3183 844 3243 58
870 3180 920 3265 (fr.
945 3180 1080 3265 610)το
1105 3180 1129 3243 δ’
1144 3183 1286 3260 εὐτυχοῦν
1311 3185 1371 3244 τοῖν

292 3295 485 3375 ἐξαριθμήσας
508 3293 616 3372 βροτῶν
637 3292 642 3380 Ι
661 3296 711 3358 οὐκ
734 3295 811 3358 ἔστιν
834 3292 918 3364 ὄντας
943 3292 1025 3358 ὅντιν’
1048 3295 1173 3372 εὑρήσεις
1196 3293 1263 3370 ἕνα,
1283 3300 1318 3357 ut
1334 3294 1371 3356 de

292 3407 428 3473 Nauckii
452 3408 626 3471 coniectura
649 3407 746 3470 edidit
770 3406 905 3470 Diodorf
927 3429 980 3491 pro
1003 3405 1091 3470 πάντ’
1115 3408 1282 3486 aereaere.
1313 3406 1371 3470 Sed

292 3523 378 3587 locus
402 3521 538 3585 nondum
564 3521 759 3597 emendatae,
788 3543 842 3584 nec
866 3521 936 3584 ferri
959 3527 1060 3604 potest
1083 3521 1166 3603 quod
1190 3542 1286 3603 nuper
1305 3542 1372 3603 pro-

292 3637 395 3720 posuit
421 3634 563 3719 Madvig:
587 3634 648 3699 τὶν·
660 3633 684 3698 δ’
704 3636 889 3712 εὐτυχοῦντα
908 3631 995 3697 πάντ’
1016 3635 1177 3712 ἀριθμήσας
1187 3631 1297 3710 βροτῶν
1309 3636 1370 3698 κτὲ.

292 3749 449 3813 Infelicem
483 3748 657 3811 mortalium
681 3755 812 3823 sortem,
839 3754 874 3810 ut
899 3746 1036 3830 plerique
1060 3757 1183 3830 poetae,
1209 3746 1372 3830 Euripides

293 3883 380 3946 saepe
404 3860 514 3943 tetigit.
549 3859 595 3924 Cf.
619 3859 727 3944 Suppl.
755 3863 828 3936 196,
855 3863 930 3934 550,
956 3860 1038 3933 953,
1066 3858 1160 3942 Hipp.
1185 3860 1263 3935 190,
1289 3858 1371 3921 Med.

295 3978 379 4037 1228
405 3995 487 4057 sqq.,
521 3973 627 4056 fragm.
660 3976 734 4048 757,
761 3975 835 4048 909,
861 3980 891 4034 et
916 3969 999 4034 alibi.
1040 3970 1159 4034 Notum
1184 3981 1229 4032 est
1251 3970 1372 4033 Solonis

292 4087 371 4149 illud
403 4085 441 4148 ad
473 4084 620 4148 Croesum
651 4085 734 4170 apud
766 4084 881 4148 Herod.
909 4084 943 4160 I,
974 4086 1033 4148 322
1061 4089 1121 4147 τῶν
1144 4085 1205 4147 ἐστι
1229 4082 1372 4161 οῖνὶριοτος

291 4200 436 4278 συμφορή.

340 4314 414 4375 380.
441 4311 499 4375 Hic
524 4333 627 4375 versus
651 4321 697 4375 est
720 4310 920 4387 τολύοινμος,
945 4318 981 4373 ut
1000 4310 1126 4373 Medeae
1147 4331 1189 4373 vs.
1209 4307 1372 4391 176,Ιρ11.
