3112 4914
239 381 305 447 234
655 408 908 458 commaneamus.

284 604 381 667 1324.
412 603 614 681 λεγόμεθει
637 607 680 681 γ’.
715 605 787 670 Post
813 607 976 691 particulas
1000 610 1072 674 ἀλλ’
1095 607 1142 674 οὖν
1165 632 1227 673 333
1252 611 1328 674 alte·

237 736 308 777 rove
339 714 487 780 vocabulo
518 718 699 802 interposito
727 719 907 804 plerumque
933 721 1070 787 adhiberi
1093 746 1130 798 ys
1156 724 1263 786 monui
1287 724 1327 788 ad

238 828 346 893 Aescb.
379 829 480 894 Prom.
514 835 598 926 1070
631 833 766 917 (11111311).
791 833 863 899 Rev.
889 838 940 912 17,
966 859 994 920 p.
1020 838 1107 921 242).
1144 835 1259 903 1131131..
1285 837 1324 901 33

238 939 358 1006 Η31331.
383 945 456 1008 689.
481 943 570 1030 Paley
594 946 700 1010 scribit
724 946 887 1026 aasyo'astss
911 948 1023 1014 Nauck
1040 949 1222 1027 daeydaaol'.
1248 950 1321 1035 Iph.

236 1055 273 1122 Τ.
296 1061 358 1121 985
379 1060 514 1137 λήψομαι
536 1084 590 1145 pro
610 1062 768 1141 ληψόμεθα
788 1065 1001 1148 corrigendum
1019 1089 1083 1130 esse
1098 1067 1203 1130 monui
1223 1069 1323 1133 Versl.
1414 1131 1420 1144 ,

178 1211 181 1217 -
236 1169 293 1249 IV,
319 1176 349 1250 2,
375 1175 450 1238 205.

283 1290 376 1350 1325.
400 1287 522 1354 ἔκτεινεν
545 1299 590 1355 est
615 1291 851 1376 Imperfectum,
878 1302 914 1357 ut
936 1294 1058 1368 ἔκτεινες
1086 1297 1182 1360 1108.

284 1403 377 1467 1328.
403 1401 480 1467 Vide
503 1404 541 1468 ad
567 1408 665 1470 1025.

283 1517 378 1580 1331.
401 1518 582 1594 31133333,
608 1541 649 1584 sc.
674 1520 734 1599 3331.
755 1519 882 1605 Saepius
898 1522 930 1585 in
947 1521 1103 1586 comoedia
1118 1527 1217 1587 rutra
1234 1544 1325 1606 appa»
1353 1545 1360 1560 ⁴

236 1637 283 1692 ret
305 1630 337 1694 in
363 1633 515 1715 responsis
539 1655 661 1712 eorum,
687 1635 741 1718 qui
764 1635 881 1718 aliquid
905 1636 1051 1700 iubentur
1075 1658 1130 1720 pro
1153 1641 1254 1701 ταῦτα
1272 1637 1324 1715 δρῶ

236 1743 409 1823 33133333.
434 1745 595 1811 Eiusmodi
620 1748 736 1832 ellipsis
760 1757 806 1812 est
829 1750 870 1824 μή
894 1773 942 1826 μοι
965 1748 1002 1813 σύ
1026 1749 1108 1814 Μ33.
1133 1752 1208 1827 964,
1234 1747 1320 1812 alibi.

235 1856 305 1923 Vid.
325 1858 362 1921 ad
387 1863 482 1925 1335.
504 1860 564 1925 Vix
585 1884 662 1946 opus
683 1873 729 1926 est
746 1861 881 1927 Nauckii
901 1864 1077 1928 coniectura
1094 1868 1142 1941 μὴ
1162 1863 1265 1939 detra.
1279 1900 1324 1912 -

233 1979 348 2036 λεῖπε
372 1972 396 2037 δ’
421 1997 477 2059 pro
500 1976 607 2041 λείπων
630 1976 805 2060 postulante
828 1978 975 2041 sermonis
1000 1978 1183 2062 proprietate
1204 1977 1322 2041 correxi

234 2086 319 2152 seua.
349 2087 423 2152 Ona
456 2095 519 2153 cett.
551 2112 620 2173 pag.
652 2093 705 2156 36.
742 2089 925 2155 Constanter
957 2091 1037 2155 enim
1068 2091 1177 2155 Graeci
1207 2090 1322 2154 131133

234 2201 379 2264 orationis
413 2224 523 2285 genere
557 2202 705 2267 adhibent
742 2205 856 2268 Aoristi
891 2205 1110 2289 Participium,
1152 2204 1236 2290 quod
1272 2204 1322 2267 hic

234 2323 331 2379 metro
369 2316 596 2382 excludebatur.
636 2316 702 2382 Nec
734 2319 900 2383 offensione
935 2331 1016 2384 caret
1050 2319 1232 2403 asyndeton.
1276 2316 1323 2382 Of.

235 2431 321 2492 1306
347 2437 378 2493 et
402 2433 499 2496 1335.

280 2544 375 2607 1333.
398 2544 537 2628 salapia,
562 2545 677 2628 puris
702 2544 908 2630 manibus,
931 2544 1031 2621 elaad.

176 2742 177 2746 Ἰ
281 2658 374 2719 1335.
397 2659 447 2733 μὴ
470 2658 568 2735 σύγε
592 2658 723 2742 (κτεῖνε).
760 2657 807 2724 Ol.
832 2659 948 2725 Pbocn.
975 2663 1049 2724 532.

279 2771 373 2835 1336.
405 2769 564 2835 Nanckius
595 2771 698 2836 malit:
731 2772 827 2844 εὔνους
860 2770 883 2836 δ’
913 2769 971 2836 odc’
1004 2769 1046 2836 dc'
1077 2769 1114 2835 lea
1138 2769 1224 2852 λέξῃς
1248 2771 1320 2850 ε’ρεῒ,

233 2881 262 2948 h.
287 2907 311 2947 e.
337 2883 536 2961 benevola,
562 2907 821 2968 quaecumque
849 2885 1012 2957 dixeris,
1039 2884 1158 2948 dices.
1196 2879 1321 2947 Dubito.

278 3001 373 3063 1337.
404 2999 518 3079 χερὸς
549 2997 826 3075 tacendarum
850 3000 957 3074 ἐμῆς.
994 2996 1106 3081 Recepi
1131 2995 1320 3081 probabilem

233 3110 358 3175 Elmslei
388 3112 631 3177 emendationem
660 3113 698 3177 ad
724 3111 844 3177 Heracl.
878 3115 939 3191 42,
971 3134 1061 3196 quam
1086 3110 1199 3174 iniuria
1223 3132 1321 3193 repre·

233 3222 358 3287 hensam
382 3247 399 3287 a
423 3224 591 3289 Matthiaeo
617 3225 694 3289 benc
718 3224 855 3288 defendit
879 3224 1035 3300 Badham,
1062 3244 1188 3286 monens
1212 3222 1321 3286 merito

231 3337 269 3401 ab
290 3337 437 3402 Elmsleio
458 3338 536 3401 hanc
557 3360 732 3402 concessam
744 3361 808 3401 esse
822 3347 928 3422 poetae
942 3336 1111 3411 licentiam,
1131 3343 1166 3398 ut
1181 3343 1321 3429 gestum,

231 3451 264 3514 in
288 3473 349 3534 quo
374 3451 464 3515 simul
490 3474 582 3515 manu
607 3459 638 3515 et
661 3453 774 3515 lacerto
799 3452 929 3526 utimur,
951 3449 1009 3513 soli
1033 3449 1138 3512 manui
1162 3446 1320 3511 tribueret.

227 3564 364 3643 ’Ἃγγευς
388 3565 493 3641 κύτος,
518 3566 602 3649 quod
626 3565 783 3630 Iacobsius
808 3565 985 3649 proposuit,
1008 3573 1039 3626 et
1060 3561 1176 3639 atyyoee
1197 3560 1320 3636 πλέκος,

232 3701 310 3762 quae
335 3688 381 3743 est
413 3680 582 3766 Musgravii
614 3681 802 3758 coniectura,
831 3679 952 3763 longius
986 3677 1099 3741 absunt
1129 3700 1147 3740 a
1172 3674 1321 3739 librorum

180 3871 182 3875 Ι
231 3791 371 3859 lectione.

280 3910 375 3970 1338.
400 3909 436 3972 ἐν
459 3907 698 3986 στέμμασιν.
736 3907 784 3971 Gl.
810 3910 906 3971 1389.

277 4025 376 4085 1331.
400 4032 493 4103 crypt
517 4023 593 4102 γὰρ
620 4018 730 4101 εἶχεν
754 4018 867 4086 αὐτοὶ.
892 4019 957 4083 Gur
975 4018 1087 4083 Nauck
1109 4017 1320 4096 malinariae,

231 4157 292 4199 non
315 4158 470 4220 assequor.
505 4137 576 4220 Ipse
601 4135 705 4199 malim
729 4156 801 4197 cum
824 4133 949 4197 Reiskio
973 4132 1062 4208 adad,
1088 4140 1123 4195 ut
1147 4131 1178 4194 in
1199 4154 1242 4196 vs.
1260 4154 1321 4217 seq.

231 4249 344 4334 legitur
367 4251 517 4333 singulari
540 4272 668 4313 numero
691 4247 771 4324 τάδε,
797 4255 827 4310 et
851 4246 991 4309 similiter
1018 4247 1103 4309 1346
1123 4244 1319 4328 praetulerim

230 4363 302 4430 τόδε.
337 4362 383 4428 Ol.
406 4363 443 4427 ad
472 4365 565 4428 1355.
