3112 4914
552 399 554 402 ’
642 405 895 450 conmonuemus.
936 383 939 387 ’
1245 385 1311 450 205

225 598 391 679 Ἀρτέμιδος
413 598 463 663 καὶ
487 597 689 679 Ἀπόλλωνος,
713 597 747 661 τό
770 597 799 660 δὲ
822 595 968 662 Διονύσου.
991 596 1054 660 ἐπεὶ
1077 596 1169 662 τοίνυν
1191 599 1220 661 ἕν
1240 599 1309 661 ἕκα-

226 713 296 795 πέρορ
319 718 375 792 πῦρ
398 711 565 777 ὀνήππεται
589 712 657 792 πρὸς
682 711 739 783 ricc
762 711 876 785 θυσίας,
902 710 1004 774 τούτου
1026 709 1114 790 χήριν
1137 712 1189 774 καί
1204 711 1238 774 τό
1257 716 1312 790 πῦρ

230 826 377 908 δικόρυφον
409 821 506 900 εἶπεν,
538 824 593 889 ἅτε
624 825 657 896 δή
688 825 716 888 ἕν
739 824 861 904 ἑκατέρα
886 816 963 905 hipp
984 823 1157 901 οἱππόροενον.
1182 827 1231 889 οὐκ
1253 824 1313 888 οὶπό

229 945 285 1003 τῶν
317 939 365 1004 δνό
395 939 425 1002 δὲ
448 943 576 1017 κορυφῶν
598 937 764 1001 ἀναδίδοται
791 937 959 1013 αὐπόριατον
983 942 1056 1014 πῦρ,
1081 934 1151 1001 αλλ’
1173 937 1233 1000 οὶπό
1256 937 1312 1004 ἑνὸς

231 1050 326 1132 ἄκρου.
350 1052 427 1115 δοκεῖ
448 1051 478 1114 δὲ
500 1057 559 1122 τοῖς
582 1050 664 1114 κατα
687 1053 720 1114 ἐκ
743 1050 790 1115 δύο
813 1048 995 1114 οόναδιδοσόαι
1019 1050 1066 1114 διόι
1084 1049 1133 1114 τὸν
1149 1050 1314 1130 ἕπόπροτόεν

228 1165 379 1230 οκόπελον,
393 1164 443 1228 καὶ
466 1162 561 1242 ὥσπερ
584 1161 617 1238 ἐξ
639 1166 729 1228 αὐτοῦ
754 1161 968 1243 ἐπιαερίζεσόαι
988 1163 1021 1226 τὸ
1037 1169 1103 1242 πῦρ.
1128 1161 1222 1226 Vides
1239 1163 1313 1226 duas

228 1279 363 1343 diversas
387 1279 436 1342 hic
460 1278 570 1340 mixtas
595 1299 660 1340 esse
682 1277 880 1351 traditiones,
906 1298 941 1339 ex
966 1298 1093 1359 quarum
1118 1277 1218 1360 priore
1234 1277 1314 1360 ignis

229 1401 274 1456 est
308 1390 490 1456 immolandi
525 1407 616 1453 causa
650 1412 668 1452 a
703 1388 911 1452 sacerdotibus
945 1410 1089 1452 accensus
1118 1389 1150 1452 in
1183 1396 1314 1472 utroque

229 1505 402 1580 cacumine,
419 1526 454 1568 ex
473 1503 640 1587 posteriore
659 1502 739 1585 ignis
760 1509 948 1585 spontaneus
961 1523 997 1564 ex
1011 1501 1105 1565 altero
1118 1508 1238 1566 tantum
1253 1525 1314 1566 ver·

231 1619 291 1681 tice
326 1638 472 1701 surgens,
508 1616 596 1679 cuius
632 1614 793 1701 splendore
826 1614 955 1677 alterum
987 1613 1188 1678 illuminetur.
1228 1614 1313 1679 Idem

232 1731 312 1796 valet
336 1731 373 1794 de
396 1729 533 1795 breviore
557 1728 675 1793 scholio
699 1728 736 1791 ad
761 1727 856 1812 Soph.
881 1728 986 1813 Antig.
1007 1731 1101 1791 1122.
1127 1727 1259 1811 Elmsley
1276 1728 1313 1792 ad

230 1845 364 1910 Bacchas
389 1846 454 1908 366
479 1842 620 1921 ‚,Multa‚
646 1841 707 1918 ait,
736 1842 818 1926 apud
844 1849 947 1926 poetas
971 1842 1085 1904 mentio
1110 1849 1156 1904 est
1178 1842 1315 1906 flammae

229 1960 261 2022 in
293 1967 396 2023 monte
427 1959 558 2022 Parnaso
581 1962 676 2020 noctu
707 1955 856 2032 lucentis,
881 1978 970 2038 quam
996 1955 1049 2038 qui
1073 1955 1216 2019 videbant
1241 1954 1313 2019 Bac·

231 2073 324 2136 chum
348 2079 477 2154 utraque
501 2093 592 2134 manu
616 2069 712 2133 facem
736 2077 905 2153 gestantem
929 2091 998 2132 cum
1023 2069 1115 2132 solito
1131 2069 1313 2133 famularum

231 2187 377 2250 comitatu
408 2185 518 2248 saltare
549 2182 721 2249 credebant.
757 2182 854 2247 Cuius
885 2184 965 2268 ignis
989 2205 1067 2267 quae
1091 2183 1183 2247 luerit
1206 2193 1315 2248 natura

233 2321 338 2363 eorum
362 2307 409 2363 est
431 2298 616 2381 investigare
640 2297 693 2382 qui
710 2297 741 2360 in
758 2296 892 2382 physicis
909 2297 1097 2362 versantur.”
1128 2295 1188 2362 Cit.
1204 2296 1315 2361 deinde

233 2411 302 2476 Ion.
329 2413 391 2476 716
408 2432 470 2494 sq.‚
499 2413 582 2474 1125
608 2418 638 2473 et
662 2412 716 2473 Ar.
740 2409 815 2475 Rau.
841 2413 938 2474 1242.

277 2527 362 2589 1126
381 2546 424 2608 sq.
458 2523 604 2600 πέτροις
632 2523 782 2594 dicrota.
820 2523 941 2586 Mireris
964 2523 1014 2586 hic
1038 2523 1113 2586 duas
1138 2544 1228 2608 rupes
1253 2544 1315 2585 uno

231 2639 352 2703 Baccho
383 2637 497 2716 tribui,
528 2636 609 2720 quod
640 2636 748 2700 saltem
776 2636 814 2698 de
839 2643 970 2721 utroque
994 2637 1150 2700 cacumine
1174 2635 1315 2719 intellegi

231 2751 353 2836 nequit,
373 2773 442 2814 cum
460 2751 532 2833 quia
547 2749 674 2812 alterum
693 2749 832 2833 Apollini
848 2771 965 2814 sacrum
981 2750 1076 2814 fuisse
1091 2757 1230 2826 constat,
1248 2757 1314 2812 tum

232 2862 314 2947 quod
345 2884 407 2926 non
439 2869 484 2925 est
516 2861 676 2926 verisimile
708 2860 849 2927 Xuthum
880 2862 912 2926 in
945 2871 1074 2948 utroque
1098 2863 1209 2926 vertice
1233 2883 1316 2925 sacra

232 2968 347 3041 fecisse.
390 2974 421 3038 si
453 2974 531 3038 nihil
562 2982 719 3058 peecatum
751 2997 768 3038 a
798 2975 921 3049 scribis,
956 2975 1048 3040 verba
1079 2976 1245 3060 acceperim
1278 2976 1315 3039 de

233 3089 349 3174 duplici
374 3087 507 3172 quodam
532 3109 603 3150 saxo
625 3088 658 3150 in
682 3088 787 3152 eodem
812 3090 980 3154 cacumine.
1024 3089 1082 3153 Sed
1108 3089 1171 3152 fieri
1196 3096 1315 3172 potest,

233 3212 269 3267 ut
299 3211 390 3288 poeta
421 3199 541 3265 dederit·
570 3202 607 3271 ὥς
634 3207 788 3281 σφαγαῖσι
810 3239 855 3252 --
877 3203 1046 3283 πέτραν,
1071 3240 1115 3250 -
1137 3202 1314 3275 διτταῖς,

233 3323 265 3380 et
294 3315 381 3379 locus
412 3312 661 3398 interpretandus
692 3313 733 3377 sit
766 3314 803 3378 de
836 3315 952 3401 duplici
984 3315 1131 3379 sacrificio
1159 3312 1316 3378 duabusve

233 3429 350 3493 hostiis.
375 3427 447 3491 Mox
474 3428 557 3490 1161
582 3426 685 3503 λαβὼν
708 3425 737 3489 δὲ
759 3427 937 3507 αόοχονι
960 3427 1064 3509 ᾤχετο.

281 3543 376 3605 1127.
408 3541 489 3603 ἀντ’
519 3536 718 3618 ὀππήρόων.
754 3537 1000 3625 Interpretantur
1022 3562 1076 3625 pro
1101 3539 1316 3626 agnitione

234 3653 329 3732 filii,
362 3674 440 3738 quae
465 3673 553 3729 sane,
581 3649 673 3714 modo
697 3650 804 3735 lingua
827 3653 1001 3736 permittat,
1026 3651 1248 3735 simplicissima
1271 3657 1318 3714 est

234 3767 457 3851 interpretatio
497 3767 538 3828 At
568 3765 690 3844 ὀπτήρια
721 3773 794 3829 sunt
825 3766 866 3830 πόι
898 3767 966 3843 ὑπὲρ
999 3772 1049 3831 τοῦ
1077 3766 1143 3830 ἰδεῖν
1166 3765 1257 3844 δῶρα,
1281 3772 1317 3827 ut

233 3888 313 3945 recte
350 3879 480 3963 explicat
515 3876 678 3941 scholiasta
712 3878 750 3942 ad
783 3877 903 3943 Gallim.
939 3879 1052 3962 Hymn.
1084 3880 1115 3942 in
1148 3877 1237 3941 Dian.
1276 3879 1316 3941 tc

234 3995 345 4058 citatus
370 4015 388 4056 a
410 3991 512 4056 Porto.
544 3989 637 4054 Recte
661 3989 784 4073 quidem
810 3992 930 4055 monuit
953 3989 1117 4075 Musgrave
1133 3988 1315 4074 Sophoclem

234 4108 389 4188 θρεπτήρια
412 4126 467 4189 pro
490 4103 583 4184 τροφή
605 4101 720 4167 dixisse
743 4101 780 4167 Ο.
804 4101 838 4168 0.
865 4104 960 4179 132⁷,
977 4102 1029 4168 sed
1045 4103 1209 4188 Sophocles
1226 4102 1317 4185 longe

236 4221 380 4284 audacior
410 4224 457 4281 est
487 4236 578 4299 quam
611 4213 775 4298 Euripides
806 4216 838 4278 in
861 4213 961 4278 verbis
985 4216 1143 4280 novandis.
1179 4214 1219 4278 llt
1242 4213 1317 4296 quid

235 4334 382 4420 impedit,
406 4330 569 4415 quominus
592 4330 715 4406 ὀπτήρια
738 4329 787 4394 hic
810 4328 1025 4414 intellegamus
1048 4331 1127 4412 ἱερή,
1152 4337 1188 4394 ut
1203 4327 1317 4390 dicitur
