3112 4914
621 396 874 442 concurramus.
1228 378 1288 439 141

205 591 312 668 XXII,
338 613 405 675 pag.
430 595 481 655 69.
504 627 548 638 -
572 590 701 669 σ’έσρα.
726 589 841 654 Barnes
858 597 962 653 monet
982 611 1074 673 rupes
1091 597 1121 654 61
1138 589 1289 652 montium

206 706 340 772 eulmina
371 711 463 787 atque
495 712 583 767 antra
612 703 674 766 fere
706 703 783 767 Pani
813 724 898 766 sacra
929 725 1046 787 semper
1077 701 1182 766 habita
1210 726 1290 780 esse,

206 819 288 883 unde
312 818 371 880 dici
396 819 652 897 Φιλοσνινίλνγγα,
680 815 900 897 κραμνοβοίτνν,
926 813 1125 898 νιετροβιίτιρν,
1147 817 1292 894 βοονίσνν,

122 913 123 916 ¹
206 932 391 1015 παρορείσορν.
675 985 678 991 .

252 1049 326 1111 4194.
350 1044 464 1108 Notavi
486 1044 550 1108 Pal.
574 1044 640 1108 cod.
664 1044 825 1108 lectionem
847 1043 1015 1107 secundum
1033 1044 1125 1108 Dind.
1142 1043 1297 1128 Vollgraff

207 1160 282 1244 legit
306 1159 484 1239 μοχοιδαισι.
509 1195 552 1207 -
576 1165 769 1237 Μακραῖς.
795 1156 840 1222 Of.
866 1161 883 1218 8
909 1165 938 1220 et
962 1159 1036 1222 936.

253 1276 326 1336 495.
350 1273 471 1352 χοροὺς
494 1272 678 1348 στείβουσι
702 1272 824 1336 σοδοίν.
857 1270 995 1334 Badham
1023 1272 1073 1336 cit.
1104 1270 1200 1336 Odl
1228 1253 1292 1335 265

208 1388 360 1464 πέπληγον
383 1388 411 1450 δὲ
433 1387 610 1467 χορὸνίείον
634 1387 725 1451 νιοσίν.
748 1386 824 1449 Loci
847 1397 949 1450 tamen
970 1387 1097 1463 diversi,
1119 1387 1191 1470 quia
1208 1387 1293 1468 χορός

209 1501 290 1585 apud
323 1500 491 1564 Homerum
523 1511 568 1563 est
599 1500 702 1576 locus,
735 1500 789 1564 ubi
820 1500 956 1564 saltatur.
993 1501 1086 1586 Apud
1113 1501 1295 1585 Euripidem

210 1615 410 1677 Accusativus
438 1612 509 1676 inde
546 1611 760 1696 explicandus,
798 1614 881 1697 quod
918 1614 961 1677 ita
997 1614 1075 1677 dixit
1096 1636 1161 1698 pro
1192 1613 1295 1695 χίροος

209 1726 381 1808 χορεύουσιν.
419 1726 575 1790 Badhamo
599 1734 700 1790 tamen
725 1726 871 1790 Datirum
895 1728 1075 1811 praeferenti
1099 1729 1257 1793 assentior.

256 1841 330 1904 496.
359 1840 405 1902 De
429 1840 527 1903 vicino
550 1839 680 1922 Aglauri
703 1839 813 1903 sacello
821 1888 830 1918 ,
856 1839 936 1903 unde
960 1839 1048 1904 scalis
1071 1840 1293 1904 ascendebatur

210 1954 243 2017 in
265 1951 471 2016 Erechtheum
494 1952 532 2016 of.
556 1950 647 2034 Dyer,
672 1950 691 2015 l.
708 1951 727 2015 l.
752 1973 820 2036 pag.
845 1955 904 2029 33,
930 1964 960 2014 et
984 1953 1046 2013 261
1065 1974 1109 2037 sq.

256 2069 331 2131 497.
353 2060 510 2143 χλοεροί.
538 2062 680 2127 Diverbia
703 2063 762 2127 sibi
782 2063 936 2128 vindicant
956 2065 1083 2128 formam
1106 2055 1292 2130 contractam

211 2177 340 2259 χλαροίν.
364 2215 408 2224 -
433 2175 731 2255 minutaribus
755 2182 859 2253 ναίίν,
883 2176 915 2238 16
934 2176 1154 2260 Acropoliscil.
1179 2175 1296 2256 „Quod

212 2292 263 2356 hic
285 2290 418 2355 traditur
441 2289 479 2353 de
503 2288 645 2373 Cecropis
669 2286 790 2351 filiabus
814 2288 938 2352 choreas
965 2296 1035 2372 post
1059 2297 1184 2353 mortem
1207 2312 1296 2373 agen-

213 2403 311 2479 tibus,
345 2401 513 2484 comparari
545 2406 647 2484 potest
670 2422 740 2463 cum
764 2397 868 2463 fabula
891 2400 1069 2478 Protesilai,
1095 2423 1184 2484 quem
1211 2402 1298 2465 aiunt

214 2524 284 2601 post
319 2516 381 2578 fata
416 2516 447 2577 in
483 2513 673 2578 Chersoneso
709 2513 856 2577 Thracica
893 2536 985 2578 cursu
1020 2537 1084 2578 sese
1120 2516 1298 2579 exercuisse.

215 2630 357 2693 Philostr.
383 2652 411 2712 p.
437 2631 501 2692 634
526 2629 554 2690 D
579 2627 626 2692 ed.
649 2627 728 2691 Mor.
752 2634 783 2691 et
805 2626 933 2703 Strabo,
959 2650 987 2711 p.
1012 2629 1074 2690 595
1093 2626 1130 2690 D.
1158 2626 1299 2690 Videnda

215 2743 324 2821 etiam,
345 2765 421 2825 qnae
441 2741 478 2804 de
499 2741 629 2805 Achillis
648 2741 739 2822 δρόμῳ
759 2739 873 2804 habent
890 2740 1082 2824 Geographi,
1097 2738 1214 2823 quibus
1227 2740 1299 2804 addi

214 2854 342 2918 Taetzen
366 2855 403 2916 ad
426 2853 577 2938 Lycophr.
603 2854 698 2917 law
733 2854 856 2918 Musca.

260 2970 334 3032 498.
369 2973 441 3031 ναῶν
471 2967 617 3047 συρίγγων
648 2975 679 3052 et
708 2989 778 3031 mox
808 2969 919 3049 σορίζρς
950 2964 971 3032 ὦ
1001 2966 1097 3034 Παιοίν
1128 2987 1239 3032 cnalsr
1267 2968 1298 3033 in

216 3082 380 3144 novissimo
405 3102 512 3164 opere,
542 3080 695 3144 Metrik
719 3081 786 3144 der
810 3081 1014 3145 Griecheu
1040 3082 1299 3156 6661161661,

217 3216 246 3277 p.
281 3195 321 3256 53
354 3193 527 3277 suspicatur
556 3216 620 3256 esse
650 3216 841 3277 paeonem
866 3193 1072 3277 epibatum
1097 3217 1188 3279 quem
1212 3203 1300 3259 vocat

218 3306 369 3369 Aristides
385 3328 414 3390 p.
436 3309 487 3383 39,
506 3314 694 3370 constantem
712 3307 804 3390 longa
819 3307 900 3370 thesi
916 3314 946 3371 et
961 3307 1052 3391 longa
1067 3309 1126 3372 arsi
1139 3317 1168 3372 et
1181 3309 1301 3373 duabus

218 3420 317 3504 longis
335 3419 473 3483 thesibus
490 3426 520 3483 et
536 3420 628 3504 longa
639 3420 708 3495 arsi,
722 3420 826 3502 itaque
840 3421 1101 3503 pronuntiandum
1115 3427 1141 3473 L
1153 3465 1178 3472 -
1192 3431 1217 3476 Δ
1230 3430 1300 3486 L-.

266 3536 453 3598 aaa-500.
487 3533 686 3611 σνρίγγαν
719 3570 761 3581 -
794 3531 927 3610 ὕμνων.
974 3533 1137 3618 Musgrave
1171 3535 1303 3599 coniecit

218 3652 425 3726 σνριιιτῶν,
450 3646 532 3729 quod
557 3647 753 3731 praetulerim
776 3646 927 3712 Badhami
949 3647 1134 3732 suspicioni,
1159 3649 1192 3712 in
1209 3648 1303 3727 ὕμνων

219 3761 312 3824 latere
336 3760 483 3835 ποίμναις.

267 3876 341 3937 500.
377 3870 470 3936 ίσαν
507 3872 661 3944 αὐλίοις
697 3875 854 3957 σνρίζρς
887 3913 933 3923 -
967 3875 1003 3939 ἕν
1036 3874 1191 3956 ἄντροις
1225 3875 1304 3942 libri.

221 3987 424 4071 Depravatam
448 3986 629 4070 scripturam
654 4009 718 4050 esse
742 3987 859 4051 dudum
883 3997 1009 4052 constat.
1044 3989 1179 4072 Scaliger
1197 4000 1304 4054 contra

220 4108 351 4163 metrum
382 4097 566 4162 rescribebat
597 4100 739 4175 αὐλείοις,
769 4100 931 4184 Musgrave
955 4102 1071 4179 αὔλιος,
1098 4102 1181 4185 quod
1206 4110 1304 4166 aetate

221 4212 389 4297 Euripidea
412 4234 474 4275 non
499 4213 601 4296 potuit
624 4215 781 4297 usurpari,
808 4222 842 4276 ut
865 4215 930 4298 ipse
954 4215 1066 4292 voluit,
1091 4237 1146 4299 pro
1166 4215 1303 4296 ἑσπέριος.

222 4326 280 4390 Vel
304 4326 392 4412 peius
416 4347 515 4410 nuper
538 4326 570 4389 in
586 4326 816 4391 adversariis
839 4327 990 4391 criticis
1009 4331 1039 4394 ἐν
1058 4326 1167 4412 οίνσροις
1184 4327 1306 4398 (1616561
