3112 4914
600 388 853 434 connascaams,
1214 371 1274 436 131

237 583 311 644 421.
343 582 455 646 αἰσία
485 580 569 660 γύρ.
609 581 788 647 Faustus
820 581 934 646 dicitur
962 582 1049 646 dies
1073 593 1197 668 propter
1219 584 1277 649 rite

190 701 397 778 perpetratum
429 717 556 759 sacrum.
594 694 632 758 Id
665 695 755 780 quale
786 695 878 758 fuerit
908 695 997 759 docet
1019 695 1206 761 Plutarchus
1230 696 1276 761 de

191 829 290 871 orac.
322 808 395 870 def.
428 830 455 893 p.
486 812 549 871 435
575 808 617 872 B:
643 845 686 859 -
709 811 751 886 μη
784 810 978 884 θεμιστεύειν,
1007 811 1030 873 εἰ
1058 813 1100 883 μη
1122 811 1156 875 τό
1179 811 1275 889 ἱερεῖον

188 921 252 985 όλον
278 920 311 998 ἐξ
337 920 429 1002 όνιορονν
459 929 574 1002 σφυρῶν
607 923 765 1002 ὑπότρομον
795 922 916 1000 γε’νηται
940 925 990 988 καὶ
1015 923 1157 1004 κραδανθῇ
1182 947 1273 989 κατα·

189 1036 385 1111 στενδόμενον.
410 1040 454 1102 Ού
478 1037 546 1113 γόιρι
560 1037 643 1116 ύρνοεῖ
663 1037 696 1100 τό
719 1037 862 1101 διασεῖσαι
885 1039 937 1111 την
960 1037 1112 1116 κεφαλήν,
1129 1035 1223 1117 ύστερ
1245 1041 1274 1102 ἐν

188 1157 255 1221 ταῖς
277 1148 387 1222 όόιιλαις
410 1151 533 1229 θυσίαις,
556 1151 641 1214 clatri
665 1153 738 1215 τόσσι
762 1152 807 1214 δεῖ
826 1157 885 1222 τοῖς
909 1149 1006 1230 μέρεσι
1029 1151 1078 1215 τὸν
1093 1150 1182 1218 σόλον
1198 1153 1269 1229 όμοῐι

188 1263 237 1327 καὶ
268 1265 316 1328 τὸν
337 1265 468 1340 ,παλμὸν
497 1263 668 1339 ἐγγενέσθαι
692 1263 773 1339 μετόν
796 1263 894 1342 ψόφου
917 1262 1085 1342 τρομώδους.
1117 1263 1190 1328 'Eira
1214 1263 1274 1343 γόιρ

188 1377 229 1451 μη
251 1383 335 1440 τοῦτο
359 1375 495 1452 γένηται,
520 1377 552 1438 τό
577 1383 712 1448 μαντεῖον
735 1374 768 1438 ού
787 1383 864 1455 φασι
887 1374 1098 1454 χρηματθζειν,
1119 1376 1175 1439 οὐδ’
1194 1375 1273 1440 sicol-

188 1512 270 1564 γουσι
301 1491 353 1562 την
383 1489 492 1553 Πυθίαν
523 1488 583 1551 κτὲ.
624 1487 731 1550 Mouet
762 1487 876 1551 Barnes
904 1488 1043 1571 Pythiam
1069 1510 1131 1551 nou
1156 1511 1275 1572 samper

187 1624 332 1685 responsa
364 1601 483 1664 dedisse
513 1622 569 1664 nec
600 1599 708 1663 diebus
740 1600 875 1663 nefastis
916 1599 998 1663 Hinc
1032 1599 1189 1663 Plutarch.
1218 1599 1272 1662 vit.

189 1714 276 1778 Alex.
297 1712 420 1797 [XIV]:
444 1713 618 1790 βουλόμενος
638 1713 666 1776 δὲ
687 1715 727 1793 τῷ
743 1715 793 1792 θεῷ
808 1709 974 1792 χρησασθαι
993 1712 1193 1798 (Alexander)
1209 1711 1272 1792 περὶ

186 1837 238 1901 τῆς
265 1827 439 1906 στρατείας,
467 1820 550 1899 ἦλθεν
577 1827 616 1896 εἷς
640 1827 795 1905 Δελφοὺς,
825 1825 891 1902 καὶ,
920 1825 1001 1890 αατόι
1022 1826 1119 1906 τύχην
1142 1828 1273 1907 ἡμερῶν

186 1939 404 2020 ύτοφρύθων
440 1941 558 2015 ούσόιν,
591 1940 619 2002 ἐν
651 1934 697 2009 αἷς
728 1942 759 2003 ού
790 1939 954 2016 νενόμισται
984 1939 1179 2016 θεμιστεύειν,
1210 1941 1271 2004 κτὲ.

188 2054 346 2117 Plutarchi
379 2060 478 2117 aetate
509 2075 571 2116 non
595 2053 655 2116 nisi
679 2053 772 2116 semel
796 2053 925 2138 singulis
950 2053 1104 2117 mensibus
1127 2076 1273 2138 responsa

99 2193 101 2197 ·
186 2168 356 2243 dabantur,
389 2176 514 2252 eratque
545 2189 606 2230 una
635 2175 754 2230 tantum
780 2166 905 2251 Pythia,
931 2189 1025 2250 quum
1050 2168 1122 2232 olim
1146 2168 1272 2231 florente

186 2282 314 2346 Graecia
338 2281 417 2345 duae
440 2281 570 2344 fuissent
594 2279 801 2364 prophetissae
825 2303 879 2364 per
901 2282 981 2345 vices
1003 2303 1039 2346 eo
1064 2304 1189 2347 munere
1205 2282 1272 2351 fun·

186 2407 293 2484 gentes
315 2407 348 2462 et
371 2399 418 2461 vel
441 2399 553 2473 tertia,
582 2420 642 2461 non
665 2396 888 2462 sufficientibus
911 2398 992 2474 illis,
1017 2399 1135 2462 sederet
1159 2401 1272 2465 vicaria

185 2513 338 2597 (ἔφεδρος).
372 2512 455 2577 Plut.
479 2512 524 2574 de
548 2512 623 2577 def.
647 2535 697 2577 or.
722 2535 750 2596 p.
774 2517 849 2576 414.
875 2512 915 2576 Ol
945 2513 979 2584 Q.
1005 2515 1062 2577 Gr.
1088 2513 1144 2577 IX.

230 2630 305 2690 423.
330 2632 491 2698 κλῶνας.
515 2625 660 2709 Intellige
684 2648 744 2689 non
769 2635 847 2690 serta
873 2627 965 2710 capiti
990 2627 1189 2704 circumdata,
1216 2628 1269 2691 sed

184 2741 318 2803 ramulos
343 2762 420 2823 quos
445 2761 537 2803 manu
560 2737 721 2822 gestabant
744 2740 798 2822 qui
819 2738 865 2802 vel
883 2739 964 2803 Deos
982 2739 1028 2803 vel
1046 2740 1183 2803 homines
1199 2763 1271 2826 sup·

184 2853 319 2937 plicandi
341 2876 432 2917 causa
453 2852 587 2916 adibant.
612 2852 744 2916 Muses.¹
759 2851 805 2915 Of.
824 2852 973 2916 Wunderi
992 2854 1106 2937 primus
1124 2874 1269 2918 excursus

184 2966 221 3029 ad
239 2965 314 3030 Oed.
331 2966 404 3050 Reg.
422 2988 563 3050 meaque,
584 2967 704 3029 silenti
721 2974 780 3048 est,
799 2966 957 3031 annotatio
974 2968 1011 3030 ad
1028 2966 1066 3030 Ο.
1084 2966 1152 3030 lta
1170 2990 1212 3052 sq.
1225 3005 1270 3016 -

184 3080 275 3162 Iungi
301 3081 378 3142 solet
403 3079 440 3142 ab
464 3079 682 3164 interpretibus
699 3080 900 3160 δαφνηφόρους
916 3087 1045 3160 κλῶνας,
1064 3082 1094 3143 in
1111 3102 1172 3164 qua
1189 3103 1270 3144 com-

184 3194 339 3276 positione
362 3193 440 3257 male
465 3216 512 3256 me
536 3193 625 3257 habet
647 3194 829 3274 δαφνηφόρος
847 3203 1029 3278 usurpatum
1048 3216 1101 3277 pro
1117 3193 1268 3276 θύφνινος,

185 3331 243 3399 nec
268 3317 369 3372 tamen
393 3309 466 3370 satis
490 3306 647 3392 probabile
673 3307 793 3371 videtur
816 3317 934 3391 poetam
957 3308 1121 3370 coniuncta
1138 3307 1269 3371 voluisse

182 3423 300 3499 βωμοὺς
324 3422 545 3502 δαφνηφόρους,
567 3429 601 3485 ut
624 3420 723 3486 dicat:
749 3430 791 3483 tu
818 3442 931 3497 vero,
956 3423 1003 3485 mi
1028 3444 1143 3497 uxor,
1162 3421 1269 3486 circa

183 3559 287 3612 aras,
312 3536 441 3599 lauris
465 3543 707 3611 coronatas,
731 3536 880 3600 sumtis
904 3555 1054 3598 vuasunrs
1078 3535 1174 3621 (quod
1198 3557 1268 3619 pro-

183 3651 284 3734 prium
310 3657 356 3712 est
379 3648 497 3712 Latinis
522 3648 715 3712 vocabulum.
741 3648 787 3714 cf.
802 3649 924 3713 Servius
942 3649 979 3712 ad
995 3650 1072 3712 hen.
1091 3647 1165 3727 XII,
1179 3650 1266 3732 120),
1333 3717 1336 3722 ,

182 3763 271 3826 deos
297 3783 479 3827 venerare.
514 3761 666 3840 Quocirca
699 3762 782 3838 vide,
809 3785 910 3826 annon
935 3763 1032 3826 verior
1055 3763 1095 3825 sit
1119 3783 1209 3845 quam
1233 3761 1265 3824 in

182 3879 316 3960 margine
337 3876 464 3961 apposui
488 3876 663 3939 coniectura
682 3875 882 3957 δαφνηφόρος,
901 3878 1067 3960 proleptiee
1084 3885 1265 3959 usurpatum

182 4000 212 4053 et
235 3988 425 4053 referendum
449 3988 487 4051 ad
512 3989 609 4072 ipsam
632 3987 787 4052 Oreiisam.
811 4027 856 4036 -
878 3987 925 4052 Of.
949 3988 1051 4052 Plaut.
1076 3989 1263 4054 Metabi&

226 4108 299 4194 424.
323 4103 468 4174 εὐτέκνους
493 4140 538 4150 -
561 4103 730 4183 χρησμούς,
754 4103 775 4166 i.
793 4124 818 4165 e.
842 4106 905 4182 περὶ
922 4102 1083 4174 εύπαιδόας.
1099 4139 1143 4151 -
1159 4103 1263 4176 θεοῖς,

181 4241 265 4295 „non
288 4216 427 4300 Apollini
441 4215 504 4279 'sed
525 4216 668 4299 reliquis,
686 4205 846 4299 quotquot⁴
858 4198 930 4278 alibi
948 4238 1000 4300 per
1018 4214 1123 4278 urbem
1140 4214 1265 4298 Delphi·

180 4354 246 4396 cam
277 4329 466 4393 colebantur.
498 4329 588 4393 Paret
617 4330 689 4393 huic
713 4329 858 4392 mandato
882 4327 1013 4408 Creiisa,
1038 4350 1094 4392 nec
1118 4328 1202 4412 prius
1226 4326 1264 4394 ad

1132 4440 1164 4489 9*
