3112 4914
642 375 895 439 counnsranms.
1092 433 1094 437 .
1251 377 1315 441 115

229 587 326 650 literis
350 587 428 650 male
452 586 611 670 descriptis
635 586 813 650 mendosum
840 608 922 662 esse,
947 586 998 649 sed
1017 586 1107 650 etiam
1124 587 1314 652 intercidisse

229 701 378 765 nonnulla
401 702 481 764 inter
506 697 651 763 vocabula
670 698 722 774 ξὺν
738 699 816 778 ἀνδρί
832 706 862 762 et
878 699 991 774 νναριίς.
1017 700 1179 786 Exempli
1196 702 1314 786 gratia

230 837 398 900 apponam,
422 813 505 896 quod
530 814 612 875 venit
636 813 668 876 in
692 819 842 876 mentem:

362 937 421 992 [Ω.
446 927 497 1000 ξὺν
521 926 598 1005 ιένδρὶ
622 925 647 988 δ’
664 924 739 998 ἥκεις
764 927 780 1000 ἢ
804 925 875 1002 radan
899 928 1079 1010 χρηστήριας

363 1053 421 1106 ΚΡ.
445 1040 497 1116 ξὺν
521 1040 597 1119 ἀνδρὶ
622 1040 693 1124 (γῆν
716 1039 830 1104 λιποῦς’
853 1041 1005 1120 αφικίραρν
1026 1041 1108 1118 μόνα.

361 1164 421 1218 111.
444 1161 496 1217 παῖ
516 1153 581 1227 δῆτ’
605 1155 707 1225 ἐκεῖνος
730 1152 837 1233 ᾤχετ’;
862 1153 925 1217 εἰπέ
949 1179 997 1230 μοι
1019 1154 1106 1236 roda.)

358 1279 419 1332 KP.
444 1269 546 1342 σηκοὺς
570 1267 732 1350 (βεβηκὼς)
756 1270 918 1346 ὑστερεῖ
938 1269 1115 1348 Τροφωνίου.

231 1383 263 1444 Si
280 1383 349 1466 quis
367 1382 443 1444 nihil
460 1382 607 1445 excidisse
624 1381 804 1457 contendat,
822 1403 943 1445 necesse
956 1390 1000 1444 est
1014 1391 1115 1444 sumat
1130 1383 1236 1444 lonem
1248 1382 1316 1466 qui-

232 1496 301 1559 dem
328 1518 419 1558 sensu
444 1496 568 1580 speciali
584 1495 760 1578 intellegere
775 1497 937 1574 χρηστήρια
953 1495 992 1558 de'
1007 1496 1130 1559 oraculo
1147 1495 1315 1580 Delphico,

235 1611 287 1674 sed
312 1611 456 1674 Creusam
482 1633 572 1673 sensu
594 1608 727 1692 generali
747 1607 881 1691 accipere
905 1608 986 1670 idem
1010 1608 1206 1687 vocabulum,
1224 1610 1315 1674 simul

232 1725 418 1808 cogitantem
444 1724 481 1788 de
502 1721 671 1805 Trophonii
687 1721 819 1785 oraculo.
843 1720 931 1799 Quae
948 1730 1049 1785 tamen
1066 1744 1169 1786 vereor
1184 1746 1222 1788 ne
1239 1723 1317 1788 foret

212 1911 216 1920 Ι
233 1837 323 1900 nimis
336 1837 500 1900 artificiosa
512 1834 733 1918 interpretatio.
745 1871 789 1883 —-
801 1841 929 1908 σηκοῖς.
948 1833 1063 1910 „Zama
1075 1834 1189 1899 dicitur
1197 1843 1316 1920 septum

234 1949 409 2013 inferiorum
438 1949 580 2012 ordinum
608 1946 788 2010 numinibus
812 1947 1053 2010 consecratum.’'
1089 1947 1233 2011 Drunoar
1256 1948 1315 2014 lex.

233 2063 325 2146 Soph.
341 2063 464 2127 Praeter
479 2062 571 2144 Soph.
589 2060 669 2124 Phil.
690 2062 772 2123 1328
790 2059 904 2144 legitur
920 2060 1000 2143 apud
1015 2061 1113 2124 solum
1127 2060 1316 2144 Euripidem.

235 2177 279 2239 De
304 2185 391 2239 antro
416 2175 523 2239 Strabo
545 2175 602 2249 IX,
625 2197 653 2258 p.
670 2178 752 2236 414:
776 2173 916 2249 Λεβαδία
931 2171 954 2235 δ’
972 2173 1059 2250 ἐστίν,
1077 2172 1146 2238 ὅπου
1162 2175 1230 2247 Διὸς
1245 2184 1317 2255 Τρρ-
1402 2189 1403 2192 ’

233 2293 338 2371 Φανίου
364 2289 413 2371 (cf.
437 2289 504 2352 Liv.
529 2287 626 2364 XLV,
647 2289 703 2373 27)
725 2294 861 2365 μαντεῖον
884 2283 1013 2368 thorat,
1038 2289 1199 2366 χρίσματος
1220 2289 1319 2354 ὑπονί-

234 2425 289 2478 ρων
322 2401 493 2477 κατάβασιν
524 2400 614 2479 ἔχων·
639 2399 815 2475 καταβαίνει
839 2396 862 2462 δ’
887 2398 974 2469 αὐτὸς
998 2399 1011 2461 ὁ
1034 2399 1318 2480 χρηστηριαζόμενος.

235 2523 336 2578 Κείται
360 2514 388 2577 δὲ
412 2513 529 2589 μεταξὺ
553 2520 603 2578 τοῦ
626 2516 775 2583 Ἑλικῶνος
800 2519 854 2575 καῖ
873 2519 925 2584 τῆς
949 2515 1139 2591 Χαιρωνείας,
1163 2517 1318 2594 Κορωνείας

235 2630 365 2701 πλησίον.
390 2627 510 2690 Multus
535 2637 580 2689 est
605 2627 636 2689 in
658 2624 857 2689 describendo
873 2633 960 2688 antro
977 2626 1054 2688 etin
1071 2628 1249 2709 exponenda
1264 2629 1319 2692 sci·

236 2744 366 2807 scitandi
382 2743 499 2806 ratione
515 2741 681 2804 Pausanias
697 2739 754 2819 IX,
768 2743 809 2802 39
827 2748 856 2802 et
868 2743 922 2802 40.
940 2738 986 2802 Of.
1002 2739 1104 2803 Herod
1118 2740 1144 2817 I,
1158 2745 1211 2817 46,
1225 2742 1320 2819 VIII,

238 2859 311 2931 134,
336 2856 429 2918 Arist.
451 2852 533 2918 Nub.
557 2856 620 2916 508
639 2864 667 2915 et
682 2851 784 2915 Schol.
802 2852 926 2935 (Bergk.
944 2851 981 2914 de
997 2852 1135 2936 reliquiis
1153 2876 1229 2918 com.
1252 2857 1319 2919 Att.

238 2977 301 3029 ant.
328 2989 395 3050 pag.
421 2971 485 3029 214
502 2972 601 3050 sqq.)‚
629 2965 718 3029 Diod.
743 2964 802 3029 Sic.
822 2962 881 3027 XV
902 2967 954 3041 53,
978 2964 1061 3029 Plut.
1082 2965 1158 3030 Sull.
1179 2969 1230 3043 17,
1246 2965 1322 3032 Luc.

239 3080 320 3144 Dial.
337 3079 380 3143 M.
398 3084 417 3143 3
439 3102 509 3143 cum
529 3079 646 3154 Schol,
663 3077 808 3163 Necyom.
825 3083 876 3154 22,
894 3078 962 3141 Ael.
980 3077 1016 3142 V.
1034 3079 1073 3143 H.
1089 3078 1149 3155 III,
1167 3081 1222 3156 45,
1237 3080 1320 3146 Plut.

239 3192 276 3256 de
301 3192 377 3256 Gen.
401 3191 483 3256 Soor.
506 3196 544 3255 21
564 3212 628 3274 sqq.
653 3190 690 3256 Ο.
707 3189 831 3268 Mulier,
849 3191 1060 3266 Orchomenos,
1079 3213 1145 3274 pag.
1165 3194 1226 3254 150
1244 3215 1321 3277 sqq,

240 3316 273 3368 ut
290 3305 349 3368 alia
365 3304 500 3389 prudens
517 3305 668 3368 omittam.
687 3341 730 3352 —
751 3303 926 3367 Herodotus
939 3303 965 3380 I,
979 3306 1021 3377 46
1035 3315 1151 3388 septem
1164 3316 1321 3370 enumerat

239 3419 382 3495 oracula,
408 3440 468 3502 quo
493 3416 624 3481 Croesus
640 3417 757 3480 miserit
774 3417 829 3499 qui
843 3416 1084 3481 sciscitarentur:
1106 3418 1321 3496 Dodonaeum,

240 3531 443 3616 Delphicum,
478 3529 617 3610 Aborae,
655 3529 844 3614 Amphiarai,
872 3529 1129 3606 Branchidarum,
1154 3532 1323 3596 Ammonis.
1376 3532 1378 3535 ’

242 3643 306 3707 Soli
331 3645 443 3728 Apollo
469 3643 638 3727 Delphicus
663 3652 693 3706 et
717 3642 920 3727 Amphiaraus
945 3665 1063 3707 veraces
1079 3646 1228 3729 comperti
1243 3653 1324 3711 sunt.

286 3759 361 3820 303.
386 3757 446 3819 Pro
469 3756 531 3835 νιέρι
555 3754 659 3819 Nabar
680 3755 795 3819 Mnem.
822 3755 906 3818 1853
932 3776 998 3839 pag.
1020 3759 1083 3818 328
1100 3756 1185 3819 malit
1200 3759 1323 3837 σπόρον,

241 3892 307 3952 quo
332 3868 478 3934 vocabulo
502 3891 591 3932 nemo
614 3870 800 3952 tragicorum
823 3890 897 3932 usus
922 3878 976 3934 cst.
1000 3869 1031 3933 Si
1051 3869 1125 3951 quid
1142 3871 1324 3936 mutandum

242 3984 336 4057 foret,
369 3983 566 4066 praetulerim
597 3980 705 4044 saltem
737 3986 857 4058 σπορᾶς.
902 3982 962 4045 Sed
995 3983 1062 4046 vide
1093 4006 1185 4068 supra
1208 3984 1247 4048 ad
1272 3990 1324 4051 16.

243 4096 368 4159 Dictum
400 4106 435 4159 ut
466 4094 578 4159 Bacch.
615 4096 676 4159 174
708 4091 743 4158 ὧν
767 4093 823 4168 ἥκω
847 4096 909 4174 πέρι
934 4106 964 4158 et
988 4096 1057 4160 Hel.
1081 4101 1122 4161 23
1148 4095 1228 4173 ἦλθον
1251 4107 1326 4179 τρεῖς

242 4208 302 4272 θεαὶ
326 4207 455 4279 aaaron
482 4208 555 4287 πέρι.
581 4206 705 4270 Variata
728 4209 928 4292 praepositio,
954 4219 989 4271 ut
1012 4208 1127 4273 Phoen.
1153 4215 1216 4274 943
1237 4213 1275 4276 ἔκ
1292 4237 1326 4277 τε

243 4322 350 4400 μητρὸς
376 4322 500 4401 ιίρσένων
523 4320 551 4385 τ’
574 4318 648 4384 atro
672 4329 703 4383 et
726 4319 801 4383 alibi
823 4343 920 4404 saepe.

1180 4437 1211 4484 8*
