3112 4914
232 387 297 451 232
648 404 901 451 concurreramus.

234 597 286 662 nbi
317 597 546 682 exspectabam:
578 597 611 663 τὸ
633 598 748 674 κῆδος
771 601 838 684 (pro
861 602 889 663 τ’
906 600 1013 694 ἔγχος)
1037 603 1090 677 τήν
1114 628 1147 667 τε
1170 603 1318 683 δυστυχε-

232 713 344 787 στοθτην
381 713 485 776 στένων
523 714 689 793 στρατείαν.
727 751 772 762 -
806 714 1037 792 ταμτυσιά.
1083 718 1195 781 Aesch.
1234 716 1319 801 sept.

234 837 312 909 818,
339 835 391 896 Ar.
417 832 499 898 Eccl.
523 836 597 895 868.
623 832 670 896 cf.
691 832 891 910 ταμτλνθθα,
916 836 1108 915 ταγαλνρθα,
1130 837 1319 917 ταντευχθα,
1428 894 1432 901 .

233 947 394 1012 τανοτλθα.
440 945 650 1010 Memorabilis
685 956 732 1010 est
763 947 795 1010 in
826 947 885 1012 hoc
916 947 1110 1012 substantivo
1142 950 1252 1013 vocalia
1283 949 1319 1026 ii,

232 1085 330 1147 quum
362 1069 462 1124 tamen
495 1060 652 1142 τετοὲμαι,
683 1060 799 1142 τιθτιορ,
833 1069 863 1125 et
890 1061 1009 1148 reliqua
1038 1063 1173 1128 derivata
1199 1074 1320 1130 servent

171 1204 173 1208 ⁴
234 1175 368 1240 vocalem
391 1178 450 1240 α’..

280 1291 376 1353 1306.
407 1288 621 1362 θεηλοέτους
653 1287 766 1368 ἕδρας
789 1290 908 1374 explico
933 1291 998 1355 dei
1022 1292 1232 1363 instinctu
1256 1293 1319 1357 vel

234 1402 305 1467 deo
341 1411 510 1466 auctore
542 1401 800 1479 aedificatas,
835 1411 869 1466 nt
899 1404 937 1467 ad
961 1403 1096 1470 fabulam
1123 1407 1316 1490 respiciatur,

233 1541 294 1602 qua
317 1518 381 1602 ipse
405 1516 462 1581 sibi
489 1516 600 1601 Apollo
626 1517 761 1601 Delphos
783 1518 896 1582 oraculi
913 1518 1013 1582 aedem
1031 1519 1178 1605 delegerit
1194 1529 1224 1584 et
1240 1520 1319 1584 deri·

232 1632 380 1718 gnaverit.
416 1629 544 1695 Marrrr.
579 1630 687 1715 Itaque
718 1630 871 1695 intellexit
903 1633 1150 1710 θεοδμήτους.
1185 1635 1228 1697 Aa
1256 1657 1319 1698 non

233 1744 270 1808 de
302 1744 429 1828 Delphis
462 1766 560 1828 neque
593 1744 630 1807 de
663 1743 787 1807 oraculo
820 1745 868 1808 hic
899 1747 1015 1829 agitur,
1050 1747 1103 1811 sed
1131 1747 1169 1811 de
1193 1770 1261 1824 ara,
1287 1748 1318 1811 in

233 1881 294 1942 qna
318 1857 434 1922 Creiisa
456 1856 643 1921 consederat.
677 1856 817 1941 Egohio
841 1867 872 1920 et
895 1858 932 1923 O.
955 1859 988 1924 Τ.
1015 1862 1078 1922 256
1095 1862 1233 1935 θεήλατος
1250 1861 1320 1925 sim·

234 1972 355 2058 pliciter
387 1994 441 2056 pro
464 1973 533 2042 θεῑος
557 1970 617 2034 dici
642 1970 832 2036 crediderim.
868 1971 914 2036 Of.
943 1975 1036 2038 1392.
1074 1977 1188 2038 Amant
1211 1982 1320 2060 poetae

234 2108 344 2150 sonora
379 2084 556 2149 huiusmodi
591 2083 756 2161 vocabula,
795 2094 830 2149 ut
859 2088 1065 2168 χρυσήλατος,
1096 2091 1319 2169 αρνυρήλατος,
1367 2146 1370 2152 .

235 2201 398 2280 θεσπέσιος,
424 2200 571 2279 εὐρυεθής,
595 2200 783 2276 μονόστολος,
809 2210 880 2264 cett.

281 2314 375 2378 1307.
408 2311 551 2375 Notabile
583 2311 781 2395 hyperbaton.
817 2313 985 2378 Construe:
1017 2316 1070 2389 τὴν
1102 2316 1154 2389 σὺν
1187 2315 1319 2396 μητέρα,

233 2426 302 2492 ὅτου
330 2449 372 2491 σοι
400 2426 480 2498 ἐστι’,
507 2426 634 2490 νουθέτει.
671 2424 716 2490 cf.
741 2448 832 2511 supra
855 2426 893 2490 ad
918 2429 980 2493 671
1008 2439 1038 2492 et
1064 2431 1136 2492 731.
1171 2429 1321 2494 Matthiae

234 2546 387 2624 comparat
410 2539 503 2623 Sopb.
529 2539 636 2602 Trach.
663 2542 714 2604 98.
738 2540 833 2614 Αι1ι1υΙ
850 2539 887 2606 O.
908 2540 944 2605 R.
973 2544 1054 2607 1251
1079 2542 1188 2622 χθτυς
1215 2544 1269 2620 μὲν
1288 2546 1322 2608 εἰι

235 2660 290 2719 τῶν
313 2652 336 2718 δ’
359 2654 452 2718 οὐκέτ’
474 2647 527 2716 οἶδ’
549 2652 728 2718 οθτθλλυται.

282 2770 379 2830 1308.
405 2764 560 2847 ὑφέξεις
584 2765 746 2847 ζημίαν,
771 2766 791 2829 i.
813 2789 837 2830 e.
862 2767 943 2838 lixae
967 2768 1321 2839 3ο1σεις.-κτει’νουσ’

236 2891 281 2946 est
304 2881 498 2966 participium
522 2880 698 2964 Imperfecti
716 2916 751 2936 =
773 2877 833 2954 ἥτις
857 2879 995 2964 ἔκτεινες,
1019 2904 1098 2965 quae
1121 2883 1258 2946 occidere
1274 2903 1321 2945 me

235 2995 383 3061 tentabas,
407 2994 453 3061 Ol.
479 2998 573 3059 1328.
599 2993 639 3057 H.
666 2994 700 3057 F.
727 2998 766 3056 18
792 2991 983 3074 ἐξευμαρίζων
1003 3017 1064 3058 non
1081 2996 1114 3058 in
1130 2986 1348 3059 Infinitivum

139 3119 140 3124 ’
237 3110 418 3177 mutandum
442 3130 512 3173 cnm
536 3107 690 3171 Nauckio.

286 3228 380 3288 1300.
404 3224 562 3288 οὶθθτοιν.
598 3221 647 3285 Sic
670 3221 802 3285 audiunt
825 3221 927 3284 omnia
946 3221 1018 3296 ‚loca
1040 3219 1149 3299 ἄβατα
1172 3231 1203 3285 et
1225 3222 1323 3285 invio-

238 3340 359 3419 labilia3
384 3339 412 3402 h.
437 3339 457 3404 l.
481 3338 559 3408 ε’ντὸς
582 3337 693 3401 ἀδύτων
716 3337 803 3401 τῶνδε
828 3368 863 3388 =
889 3335 936 3399 ἐπὶ
960 3336 1031 3417 τῷδε
1054 3339 1094 3416 τῷ
1117 3336 1220 3417 βωμῷ.

236 3478 243 3495 ⁸
288 3455 381 3517 1310.
412 3452 474 3516 θεοῦ
504 3452 533 3514 θν
563 3451 731 3527 στέμμασιν
763 3450 917 3533 (absoluta
949 3449 1099 3513 sententia
1131 3450 1162 3513 in
1194 3451 1253 3513 fine
1283 3470 1323 3513 va.

239 3565 342 3629 addidi
374 3565 492 3628 literam
524 3564 749 3646 ἐφελκυστικήν)
779 3563 797 3628 i.
822 3585 846 3628 e.
880 3585 972 3647 snper
1003 3584 1094 3626 aram.
1135 3565 1212 3625 Aras
1244 3563 1324 3625 enim
1366 3557 1368 3563 ’

239 3680 327 3742 sertis
358 3678 505 3743 redimere
529 3699 594 3740 mos
619 3683 691 3741 erat.
715 3675 804 3740 Orid.
828 3675 920 3740 Trist.
947 3675 986 3752 V,
1013 3681 1043 3755 5,
1068 3679 1097 3740 9.
1141 3675 1269 3739 Archias
1292 3676 1324 3738 in

240 3793 368 3857 Anthol.
404 3791 465 3857 οὔτ’
500 3791 616 3865 ἕτιθευῆ
650 3788 741 3871 εἴαρος
775 3793 888 3872 οὶθρήσει
922 3791 1023 3869 βωμὸν
1058 3791 1127 3868 ἐμὸν
1159 3791 1322 3872 στεφάνων.

241 3908 364 3971 Mnsaa.
400 3906 461 3970 Hic
492 3906 651 3990 cogitarim
675 3905 794 3969 deeris
817 3905 903 3969 lauro
927 3905 1085 3970 redimitis.
1116 3904 1161 3970 of.
1185 3905 1223 3969 ad
1247 3907 1323 3969 422.

241 4023 301 4106 agi
332 4022 404 4086 hacc
434 4021 593 4102 finguntur
623 4029 707 4083 extra
729 4041 847 4083 sacrum
871 4019 978 4103 templi
1002 4019 1218 4103 praecinctum.
1246 4018 1325 4083 Vide

238 4158 308 4200 mox
340 4138 432 4201 1321.

287 4253 372 4313 1314
389 4270 432 4332 sq.
456 4250 527 4326 οὐχ
550 4243 645 4327 ἵζειν
669 4248 804 4325 ἐχρῆν,
824 4244 830 4334 Ι
850 4246 929 4310 αλλ’
952 4245 1163 4322 ἐξελαύνειν
1181 4247 1235 4330 (sc.
1250 4255 1325 4326 χρῆν

240 4363 371 4447 αὐτούς).
393 4360 534 4426 Liberior
557 4368 728 4437 structura3
753 4382 823 4423 nam
845 4360 927 4443 quod
948 4361 986 4425 ad
1006 4357 1074 4442 ἕξειν
1092 4369 1137 4424 est
1154 4359 1324 4424 subiectum
