3112 4914
199 427 201 432 ⁸
278 362 320 424 ab
694 382 946 426 concurramus

278 572 429 655 Grccpuea
452 580 480 637 ct
503 572 663 639 Εοοιοίαοο
686 575 705 640 i.
730 597 757 638 v.
783 574 935 659 Appiana,
965 575 1019 641 ubi
1042 577 1222 642 Ambraciae
1248 602 1362 643 numus

276 694 518 770 repraesentatur
541 695 571 750 et
594 687 699 752 Stnart
724 690 829 772 Autiq.
852 673 886 752 ol
908 691 1008 755 Athen
1034 692 1060 769 Ι,
1088 717 1114 777 p.
1141 696 1191 758 25.

327 804 398 864 188.
421 799 543 877 διδύμων
564 809 691 881 -φῶς
714 803 774 879 „de
798 804 942 888 Apolline
966 805 1067 870 forsan
1091 815 1121 870 et
1147 807 1244 871 Diana
1268 809 1360 871 intel-

194 917 196 921 ’
276 913 336 998 legi
367 913 497 992 debent,
530 916 617 978 onius
650 916 828 1000 (quoruml)
860 918 1021 983 simulacra
1048 921 1216 1003 parietibus
1241 921 1361 1005 depicta

275 1028 475 1093 videbantur''
499 1049 622 1109 nuere,
646 1031 735 1094 cuius
759 1033 939 1095 seutentiam
964 1032 1073 1116 probat
1091 1034 1225 1097 Diodori
1239 1035 1276 1097 ad
1291 1035 1320 1097 h.
1336 1035 1357 1098 l.

275 1142 437 1227 Maagrave
472 1153 577 1207 contra
613 1145 650 1208 de
686 1144 803 1230 duplici
833 1146 933 1210 fronte
966 1148 1073 1232 templi
1105 1148 1273 1225 intellexit,
1308 1151 1359 1213 sed

275 1254 424 1318 refellitur
447 1254 547 1319 iudice
571 1256 748 1320 Hermanno
773 1255 872 1321 verbis
896 1259 1139 1340 καλλιβλέφαρον
1167 1265 1240 1341 Φῶς.
1276 1260 1361 1323 Wal-

276 1370 365 1434 okero
383 1372 469 1435 Alte
487 1371 632 1437 Denkm.
648 1373 675 1449 I,
697 1377 756 1436 151
775 1395 843 1457 sqq.
862 1381 891 1436 et
908 1373 1047 1437 Bruuuio
1065 1375 1187 1439 Grc'ecb.
1203 1377 1359 1454 lurcatur,

275 1482 308 1566 Ι,
341 1508 370 1569 p.
399 1488 461 1550 247
495 1485 556 1547 huc
580 1485 676 1549 facere
702 1485 845 1548 videntur
868 1485 1035 1549 Pausaniae
1060 1487 1150 1550 verba
1175 1487 1214 1563 X,
1243 1491 1293 1563 la,
1320 1491 1357 1550 3:

275 1600 315 1662 τοὶ
344 1596 368 1660 δ’
391 1601 419 1661 ἐν
451 1605 510 1670 τοῖς
540 1600 636 1669 οίετοῑς
670 1599 746 1663 ἔστιν
774 1598 917 1678 ’Ἄρτεμις
941 1600 991 1663 καί
1016 1601 1103 1674 Λητὼ
1126 1601 1178 1685 (cf.
1203 1604 1282 1682 410)
1306 1603 1357 1665 καί

270 1711 429 1774 ’Άτολλοιν
458 1710 507 1773 καὶ
537 1717 654 1775 Μοῦσαι
681 1709 758 1783 δυ’σις
780 1736 814 1775 τε
837 1712 936 1776 Ἡλίου
959 1714 1009 1777 καί
1034 1713 1169 1786 Διόνυσός
1193 1714 1299 1778 τεκαὶ
1326 1716 1358 1778 αἱ

275 1829 411 1899 γυναῖκες
434 1824 463 1885 αἱ
487 1821 626 1893 Θυιάδες·
651 1823 691 1887 τοι
712 1824 766 1900 μὲν
789 1825 821 1897 δὴ
839 1824 981 1903 τρίσωτα
1002 1827 1097 1890 αὐτῶν
1114 1829 1261 1901 Ἀθηναῖος
1278 1838 1358 1905 Πρα-

274 1935 339 2012 ξίας
361 1939 494 2015 μαίντίρς
517 1936 687 2014 Καλοίμιδος
706 1938 783 2001 ἐστιν
801 1939 814 2000 c‘
836 1938 1034 2017 ἐργασοίμενος
1046 1960 1052 1974 ·
1066 1939 1167 2020 χρόνον
1180 1941 1209 2002 δὲ
1220 1943 1256 2013 ὥς
1268 1941 1282 2003 c‘
1293 1941 1358 2012 ναὸς

246 2061 249 2065 ’
275 2055 394 2116 ἐποιεῖτο
424 2051 633 2128 ἐγγιγνομένου
657 2050 787 2131 Πραξίαν
811 2052 865 2127 μὲν
891 2052 1015 2129 ἔμελλεν
1038 2051 1165 2127 οὶτοίὲειν
1188 2055 1221 2117 τὸ
1244 2055 1356 2134 χρεών,

275 2167 315 2230 τοὶ
347 2165 370 2229 δ’
396 2164 610 2242 ὑπολειπόμενα
636 2172 685 2229 τοῦ
708 2167 737 2228 ἕν
759 2172 818 2236 τοῖς
844 2167 942 2237 οίετοῑς
966 2165 1074 2243 κόσμου
1097 2167 1226 2241 ἐτοίκσεν
1249 2165 1359 2246 Ἀνδρο-

275 2279 385 2362 ollone,
417 2279 498 2354 γένος
528 2279 582 2352 μὲν
612 2277 661 2340 καί
685 2275 765 2348 οὗτος
788 2277 955 2356 Ἀθηναῖος,
979 2280 1111 2356 μαθητὴς
1136 2280 1165 2342 δὲ
1187 2280 1356 2357 Εὐκοίδμον.

275 2392 368 2455 Putat
392 2391 535 2455 Weloker
559 2391 704 2467 Dianam,
732 2391 909 2476 Apollinem
934 2400 965 2455 et
988 2390 1139 2455 Latonam
1163 2415 1232 2456 cnm
1258 2393 1356 2455 Musis

274 2506 368 2569 fuisse
400 2506 430 2568 in
463 2505 629 2581 anteriore,
661 2505 779 2589 reliqna
804 2505 835 2567 in
859 2505 1026 2588 posteriore
1049 2504 1219 2583 ἀετώματι,
1245 2505 1356 2570 deiude

274 2619 341 2685 Ion.
369 2623 429 2683 190
448 2642 512 2704 sqq.
537 2620 695 2683 memorari
719 2626 899 2702 argumenta
922 2620 1057 2702 quinque
1073 2621 1241 2704 imaginum
1259 2628 1356 2683 meto-

276 2734 428 2817 picarum‚
453 2733 599 2796 factarum
624 2733 661 2795 ab
685 2732 792 2796 iisdem
817 2732 1001 2809 artificibus,
1026 2732 1077 2795 sed
1104 2731 1303 2816 probabiliter
1325 2757 1357 2797 ro
1410 2741 1413 2746 ’

274 2870 342 2910 vera
367 2847 460 2910 fnisse
485 2846 577 2930 longe
601 2846 711 2929 plures.
746 2846 801 2908 His
825 2846 921 2930 igitur
944 2845 1120 2910 auctoribus
1136 2869 1197 2909 non
1215 2847 1251 2910 de
1269 2848 1357 2931 pictis

276 2961 457 3047 quibusdam
482 2960 669 3037 simulacris,
695 2961 746 3022 sed
772 2960 809 3022 de
833 2960 927 3043 signis
952 2960 1057 3024 efflatis
1081 2983 1179 3024 sermo
1203 2968 1258 3023 est.

321 3074 513 3139 Vocabulum
548 3074 806 3154 καλλιβλέφαρον,
843 3081 924 3137 certa
958 3075 1131 3137 coniectura
1154 3068 1355 3146 restitutum,

275 3190 349 3255 alibi
372 3213 434 3253 non
459 3195 566 3252 exstat.
600 3192 691 3252 Amat
714 3186 877 3271 Euripides
902 3187 1050 3251 adiectiva
1073 3188 1213 3250 similiter
1234 3209 1357 3271 compo-

275 3305 351 3381 sita,
376 3309 453 3387 quae
476 3301 568 3366 habet
592 3324 719 3365 numero
743 3301 872 3378 XXIX,
898 3302 970 3365 dum
994 3301 1075 3384 apud
1102 3300 1287 3385 Aeschylum
1305 3299 1357 3362 ΙΙΙ

276 3427 394 3481 tantum
420 3424 450 3479 et
474 3416 601 3480 totidem
626 3417 707 3500 apud
732 3415 913 3499 Sophoclem
937 3415 1138 3499 reperiuntur.

323 3533 393 3595 190.
418 3530 533 3594 Locum
559 3531 602 3593 sic
625 3531 855 3613 interpungenti
879 3551 948 3593 cum
965 3529 1121 3592 Badhamo
1138 3550 1199 3591 non
1216 3550 1294 3612 opus
1311 3536 1357 3591 est

275 3640 404 3704 scribere
427 3642 498 3724 τᾷδε
521 3664 589 3705 cum
617 3641 747 3705 Dobreo.

323 3759 383 3818 loo
402 3777 466 3839 sqq.
497 3755 676 3833 „Porticum
701 3754 830 3819 describi
855 3754 892 3818 ab
917 3753 1157 3818 Atheniensibus
1182 3752 1231 3816 Ol.
1257 3755 1308 3829 87,
1335 3759 1355 3815 4

275 3867 403 3930 dicatam
438 3868 636 3952 probabiliter
664 3870 793 3932 coniecit
827 3868 1000 3952 Musgrave.
1044 3867 1158 3948 Daca
1189 3867 1355 3929 Pausanias

275 3978 322 4057 X,
348 3983 385 4042 11
397 4029 407 4063 ,
430 3980 446 4063 ξ
471 3983 488 4040 5
519 3981 541 4063 [:
567 3981 775 4058 Ωίκοδόμκσαν
799 3980 828 4044 δὲ
851 3980 900 4043 καί
925 3978 1065 4052 Ἀθηναῖοι
1088 3977 1177 4041 στοὰν
1200 3977 1260 4041 οίτὸ
1284 4001 1357 4056 χρυ-

274 4093 396 4175 μοίτοιν,
424 4091 446 4155 ἃ
473 4096 501 4156 ἕν
524 4097 564 4174 τῷ
587 4094 705 4174 τολὲμῳ
728 4095 828 4175 σφίσιν
852 4093 965 4169 ἐγένετο
987 4092 1048 4156 τίτί
1069 4117 1103 4155 τε
1126 4091 1356 4165 Πελοποννησίων

273 4207 322 4269 καὶ
346 4205 402 4270 ὅσοι
426 4209 659 4282 Πελοποννησίοις
679 4205 752 4283 ἦσαν
767 4213 816 4272 τοῦ
834 4210 1003 4281 Ἑλληνικοῦ
1019 4205 1186 4285 σύμμαχοι.
1203 4204 1355 4269 ανοίκειται

274 4320 303 4384 δὲ
333 4320 382 4384 καὶ
407 4321 511 4384 τλοίυν
534 4321 575 4385 τοί
602 4319 678 4401 οίκρα
701 4323 885 4398 κοσμήματα
907 4319 956 4384 καί
980 4321 1102 4392 οἱστιδες
1125 4326 1261 4399 χαλκαῖ,
1282 4319 1355 4384 τὸδὲ
