3112 4914
638 407 891 452 conuuurrnrus.
1254 385 1316 447 175

230 627 307 688 quae
331 603 437 667 attulit
463 603 635 678 Hermann,
657 601 725 684 Iph.
748 600 783 663 Τ.
809 602 891 662 1250
914 608 943 662 et
966 598 1033 681 [ph.
1050 600 1086 664 A.
1105 600 1178 662 616.
1202 595 1317 660 Contra

132 717 135 722 ’
229 720 278 782 ε’πί
312 740 366 800 pro
404 719 433 788 ἐς
471 728 575 780 nostro
606 715 792 779 reddiderim
826 712 951 797 Hippoi.
986 715 1066 774 lant
1103 710 1176 775 ἀλλ’
1200 715 1236 781 ε’ς
1259 709 1317 774 πόδ’

231 826 331 912 ἦλθον,
357 830 441 913 quod
465 839 570 894 eontra
594 836 699 914 poetae
723 841 855 890 mentem
881 826 1047 910 significat:
1065 824 1183 888 sedeo
1200 845 1319 906 usque

231 945 399 1027 processi
422 944 472 1024 (of.
501 944 621 1025 1332),
642 963 703 1004 non
728 940 775 1024 (id
799 940 885 1023 quod
908 939 968 1002 loci
991 939 1070 1001 ratio
1087 939 1236 1023 postulat)
1252 939 1319 1001 sed

233 1081 272 1122 eo
296 1059 468 1122 consilii
493 1058 604 1121 veni:
629 1055 699 1120 ἀλλ’
723 1056 783 1120 ἐπὶ
800 1050 966 1129 ποδῆλάον.
992 1053 1038 1117 Of.
1056 1055 1202 1120 Androm.
1220 1058 1319 1138 Alsq.

280 1176 341 1236 763
359 1193 425 1256 sqq.
453 1172 605 1256 Descripsi
627 1180 772 1246 metrum,
793 1179 827 1232 ut
844 1169 915 1232 lecit
932 1191 1000 1232 cum
1018 1167 1159 1233 Nauekio
1172 1169 1320 1245 Badham,

233 1286 293 1349 nisi
317 1286 400 1369 quod
425 1285 475 1349 hic
503 1306 607 1348 versus
629 1283 734 1367 paullo
750 1283 838 1345 aliter
854 1281 966 1345 divisit.
992 1281 1077 1345 Idem
1094 1285 1204 1346 tacitus
1221 1283 1321 1347 solum

233 1400 328 1480 τέκνον
345 1399 430 1461 dedit
444 1397 629 1481 paedagogo.
653 1397 759 1472 Recte,
772 1398 892 1479 opinor.
916 1394 965 1457 Ita
982 1397 1061 1459 enim
1080 1396 1188 1459 melius
1200 1418 1322 1480 respon-

236 1515 286 1577 det
310 1515 341 1576 in
367 1512 552 1597 praegressis
577 1512 713 1575 eiusdem
737 1510 916 1573 exclamatio
943 1509 1080 1590 θύνοιπερ.
1117 1510 1253 1575 Nimiam
1277 1534 1324 1574 re-

237 1628 326 1710 ginae
355 1626 597 1710 desperationem
621 1625 648 1686 is
673 1624 767 1687 lenire
791 1631 929 1687 conatur.
976 1623 1075 1686 Aliter
1097 1623 1246 1701 Dindorf,
1271 1626 1324 1709 qui

237 1742 389 1807 senarium
413 1739 483 1803 fecit
509 1762 524 1801 e
549 1738 646 1802 verbis
669 1739 737 1815 ὤμοι
762 1776 806 1785 -
829 1739 903 1814 ἐγώ,
930 1738 1044 1800 inserto
1069 1738 1179 1804 deinde
1195 1761 1232 1803 ex
1248 1739 1325 1803 Har·

238 1854 327 1936 tungi
351 1854 527 1917 coniectura
550 1852 623 1929 οἵριοι
648 1860 718 1914 ante
741 1855 907 1932 συμφοράς.

285 1970 300 2031 7
307 1969 359 2030 ol.
384 1965 483 2046 άχος
506 1964 637 2046 άβιον,
662 1965 682 2027 i.
708 1987 733 2027 e.
758 1965 854 2036 λάπνν
878 1963 1005 2040 άβίωπον
1028 1971 1164 2030 ποιοῦσοιν
1183 1967 1231 2031 τὸν
1252 1967 1325 2043 βίον.

224 2079 366 2167 Hippot.
388 2082 451 2140 668
472 2079 591 2155 άβίοπος
611 2078 676 2154 βίον
695 2078 788 2156 τύχοι.
818 2077 975 2141 Hermann
993 2079 1124 2143 conferri
1139 2067 1230 2144 iussit
1250 2081 1327 2144 Bek-

241 2194 305 2256 keri
336 2192 451 2257 Aueod.
481 2215 509 2276 p.
533 2195 607 2256 323.
642 2191 734 2274 Soph.
760 2192 864 2274 Antig.
890 2195 952 2256 417
979 2193 1166 2278 scripserim:
1191 2197 1240 2259 κοά
1264 2197 1326 2261 πότ’

241 2305 381 2388 ἕξοάφννς
406 2307 543 2376 Χθονὸς
566 2307 705 2384 Τυφὼς
727 2304 776 2386 (of.
795 2304 903 2369 Stud.
925 2305 1013 2370 (trit.
1031 2307 1074 2371 ad
1091 2317 1184 2392 poet.
1201 2296 1326 2378 SuGr.

243 2443 310 2505 pag.
338 2424 392 2487 lll
418 2420 517 2498 άείροος
541 2421 670 2492 σκηπτὸν
694 2421 886 2498 οὐράνιον,
912 2418 1036 2498 άχονς
1060 2423 1210 2500 πίμπλησι
1234 2426 1329 2490 πεδίον

243 2538 344 2598 πάσοον
367 2532 480 2612 οἰκάζιον
503 2532 600 2612 Φόβον
625 2530 694 2605 ὕλης
719 2532 850 2603 πεδιάδος
874 2534 934 2599 κπὲ.
956 2557 1010 2618 pro
1033 2537 1182 2614 οὐράνιον
1206 2541 1306 2618 ἄχος.

245 2732 246 2735 ¹
290 2648 363 2712 767.
389 2647 613 2721 διοινποοῖος,
638 2668 678 2708 ex
702 2644 855 2710 adverso
880 2656 1096 2730 penetrans,
1122 2660 1241 2733 praeter
1263 2653 1293 2718 h.
1311 2653 1328 2718 l.

162 2759 165 2763 ’
244 2783 305 2825 non
337 2761 450 2843 legitur
484 2759 565 2843 apud
597 2758 797 2843 Euripidem,
825 2783 923 2844 neque
947 2762 1027 2844 apud
1053 2763 1251 2848 Sophoclem,
1277 2768 1330 2831 sed

246 2873 364 2956 saepius
390 2873 469 2955 apud
498 2872 700 2956 Aeschylum,
726 2873 780 2955 qui
803 2897 921 2958 semper
944 2876 1043 2939 utitur
1070 2877 1166 2942 forma
1186 2880 1331 2944 feminina

129 2989 131 2993 ’
246 2987 278 3048 in
302 2987 364 3050 οιιίι.
403 2985 461 3049 Hic
486 3008 540 3069 pro
564 3009 599 3049 ea
622 2987 711 3049 metri
738 3009 829 3050 causa
848 2982 1016 3072 usurpatur
1034 2990 1331 3074 formacommunis‚

247 3107 283 3162 ut
316 3098 470 3162 interdum
507 3099 539 3161 in
573 3099 685 3176 βινοῖος,
723 3100 846 3178 δίκαιος,
881 3101 1041 3180 πελάγιος,
1080 3104 1183 3188 δόλιος,
1216 3109 1330 3184 οἰκεῖος,

247 3215 368 3293 μέλεος,
405 3215 544 3293 ποθεινὸς,
582 3215 699 3295 ὀθνεῖος,
736 3223 873 3292 ποριοοῑος,
911 3218 1023 3299 οωτάρ,
1059 3221 1167 3303 ῥᾴδιος,
1196 3229 1331 3302 Φοοῦλος,

247 3328 370 3408 Φορντάς
395 3332 436 3410 (et
460 3327 526 3389 aliis
553 3326 724 3390 verbalibus
748 3329 780 3392 in
803 3329 884 3414 πός),
911 3333 1025 3409 πολιός,
1050 3343 1178 3413 οπεῑρος,
1202 3345 1332 3411 τηλικοῦ-

248 3464 314 3521 πος,
338 3441 484 3518 λυτήριος,
509 3441 658 3517 ποιπρῷος,
680 3440 809 3518 μάργος,
826 3443 926 3521 κύριος,
950 3445 1133 3522 Τυνδάρειος,
1151 3448 1332 3527 Ἡράκλειος,

250 3554 324 3616 aliis.
349 3552 481 3635 Simplex
502 3553 633 3627 άνποιῖος,
660 3552 858 3631 adversus,
883 3555 1049 3634 hostilis,
1070 3559 1246 3640 infestus,
1262 3561 1334 3646 legi·

251 3675 302 3728 tur
326 3665 406 3749 apud
432 3687 536 3728 omnes
560 3665 699 3747 tragicos.

295 3779 445 3843 ἔτυπεν.
469 3779 542 3841 Aor.
566 3777 601 3841 Π
624 3779 694 3842 Act.
717 3802 733 3842 a
756 3779 848 3844 verbo
867 3784 988 3849 τύπτειν
1004 3785 1075 3849 alibi
1092 3810 1241 3871 nusquam
1259 3789 1335 3874 legi-

251 3901 310 3955 tur.
343 3891 414 3955 lure
447 3898 621 3975 suspectum
651 3890 826 3970 Badhamo,
851 3897 903 3979 qui
928 3896 1082 3963 barbaram
1107 3901 1184 3965 hano
1207 3904 1334 3967 formam

253 4013 347 4069 vocat.
382 4004 460 4067 Vide
492 4026 529 4066 an
561 4026 616 4087 pro
651 4013 805 4070 oT'suaN
837 4017 917 4071 reete
948 4015 1135 4094 reposuerim
1165 4026 1335 4098 assAPtN,

253 4118 415 4198 ἔπορεν,
448 4127 478 4180 et
511 4138 652 4200 compara
676 4117 872 4183 Homericum
895 4122 1005 4204 ὄδύνρσι
1028 4127 1228 4207 πεποιρριένος,
1253 4129 1336 4212 quod
1439 4105 1440 4110 ἵ

254 4233 306 4296 alii
330 4231 440 4294 imitati
464 4243 545 4294 sunt.
570 4228 615 4292 Of.
640 4230 752 4314 Hymn.
778 4232 879 4316 Apoll.
902 4237 953 4312 82,
975 4239 1035 4321 Ap.
1055 4237 1154 4305 Rhod.
1171 4240 1225 4318 IV,
1242 4244 1336 4320 1067,

256 4345 371 4410 Archil.
393 4345 428 4409 fr.
454 4348 492 4409 77
520 4342 637 4427 Bergk,
662 4342 790 4426 Lucian.
815 4349 1031 4435 tragoedopod.
1056 4353 1130 4418 298.
