3112 4914
565 413 569 420 ¹
650 397 909 444 ‚conuunranrns
1257 373 1323 437 249

234 597 375 673 secessit,
400 595 483 660 nude
508 595 621 659 Achaei
648 585 724 658 dicti
749 594 912 678 quierem
932 588 1340 682 maritmamvcolnntiurta¹

234 711 347 774 Rhium
366 709 607 796 promontorium
625 708 662 773 ad
675 708 778 772 fauces
791 707 877 771 sinus
891 704 1091 771 Corinthiaci.
1116 701 1226 767 Strabo
1241 701 1324 768 VIII

129 869 131 873 -
233 827 379 906 προϊοῦσαι
408 824 437 888 δὲ
460 824 548 889 πλέον
570 822 678 896 τελέας
702 821 903 899 συμπίπτουσι
927 821 1009 886 κατθι
1031 819 1065 885 τὸ
1089 818 1159 884 Ῥίον
1183 816 1233 882 καί
1257 819 1323 882 Ἀν-

233 938 348 1020 τίμριον·
373 938 435 1003 ἔστι
458 939 489 1002 δὲ·
510 939 544 1004 τὸ
563 938 617 1015 μὲν
629 937 704 1016 ’,Ῥίον
719 937 933 1018 τῶνξἈχαιῶν.
956 936 1058 1000 Boou
1084 933 1208 998 Praeter
1223 954 1324 997 neces·

233 1051 353 1114 sitetem
378 1051 623 1136 promontorium
648 1050 760 1114 Rhium
784 1055 1123 1125 commemoratnm‚.ut
1138 1024 1240 1112 lausto
1257 1069 1321 1130 gra·
1399 1067 1400 1070 ’

233 1174 327 1252 toque
357 1165 480 1230 nomine
514 1165 717 1229 Athenienses
749 1165 985 1228 delectarentur.
1032 1161 1112 1226 Nam
1144 1160 1181 1224 ed
1197 1159 1320 1227 ,Rhium

232 1280 344 1345 devicti
368 1303 385 1344 a
408 1280 594 1371 Phormione
616 1278 851 1344 Lacedaemonii
874 1275 1034 1362 erantsOl.
1059 1279 1112 1351 81,
1130 1279 1160 1341 4.
1184 1273 1320 1339 Boeckh.

233 1395 270 1458 de
294 1393 418 1479 tragicis
443 1418 472 1479 p.
500 1397 572 1458 192.
597 1393 643 1459 Of.
666 1394 704 1458 ad
732 1397 804 1459 190.
829 1393 935 1458 Βινυ.
1063 1447 1067 1454 ,
1096 1468 1098 1471 ¹

228 1557 234 1566 .
277 1506 349 1572 Nou
380 1506 499 1570 dudum
526 1515 594 1591 post
619 1507 697 1570 hane
721 1506 878 1570 victoriam
904 1506 1010 1571 Ionem
1035 1503 1176 1568 docuisse
1200 1502 1323 1566 videtur

232 1620 413 1706 Euripides,
444 1643 463 1684 a
492 1641 557 1704 qno
588 1642 650 1684 non
683 1620 844 1698 abhorret,
875 1620 957 1705 quod
982 1619 1060 1683 dicit
1083 1617 1217 1683 Dindorf
1238 1617 1321 1680 adn.

232 1733 298 1800 Ox.
328 1736 397 1820 pag.
430 1738 494 1799 912
527 1757 563 1798 ex
596 1735 730 1799 numeris
763 1757 907 1799 versuum
941 1734 1046 1818 colligi
1077 1755 1165 1818 posse
1184 1731 1320 1808 ¹Ionem,

234 1847 399 1912 Herculem
432 1861 462 1912 et
486 1843 639 1912 Electram
663 1848 770 1912 doctas
793 1872 858 1912 esse
882 1849 963 1913 inter
986 1847 1036 1912 Ol.
1062 1850 1104 1911 88
1129 1853 1160 1910 et
1184 1850 1236 1910 91.
1273 1845 1321 1911 (lt
1396 1869 1398 1874 ·

232 1973 306 2029 nota
330 1964 368 2027 in'
385 1963 465 2029 calce
485 1987 559 2050 apag.
589 1967 659 2030 143.

280 2081 374 2143 1593.
397 2080 819 2157 κάπισημανθήσεται,
838 2087 872 2143 et
892 2079 1139 2163 insiguietnr,
1157 2075 1321 2160 insignis
1438 2074 1443 2084 '

232 2191 326 2276 erit3
352 2191 434 2256 unde
458 2193 571 2276 pendet
594 2192 771 2257 Infinitirus
794 2194 962 2268 κεκλῆσθαι.
987 2192 1069 2257 Male
1092 2192 1241 2275 interpres
1264 2189 1321 2253 La·

233 2304 336 2370 tinhs:
361 2306 591 2390 insigniter
614 2307 880 2391 gloriabitur.
916 2307 1032 2391 Iunge:
1056 2307 1105 2371 καὶ
1129 2307 1201 2377 λαὸς
1224 2306 1320 2379 ἕτισκ·
1380 2317 1388 2329 ’

232 2421 413 2496 μανθιίσεται
448 2422 606 2494 κεκλῆσθαι
640 2419 730 2498 ὄνομα
764 2421 912 2499 ἐπώνυμον
947 2420 1047 2486 κείνου.
1084 2418 1197 2484 1015515.
1236 2419 1320 2484 1273

130 2616 133 2621 .
230 2532 379 2610 ἐπώνυμος
412 2541 463 2601 σοῦ
494 2535 578 2606 πόλις
610 2536 805 2611 κεκλήσεται,
837 2534 952 2599 Phoen.
987 2538 1050 2605 641
1087 2533 1178 2612 ὄνομα
1211 2529 1321 2598 νεικέων

231 2646 388 2723 ἐπώνυμον.
420 2644 475 2711 Or.
510 2650 594 2711 1646
626 2650 803 2723 κεκλήσεται
833 2657 887 2723 otc
919 2655 1021 2730 doale
1050 2648 1217 2726 ε’ποίνυμον,
1248 2654 1320 2711 cett.

233 2759 355 2824 Dicitur
377 2761 458 2824 enim
480 2740 629 2844 θνομθζειν
652 2764 718 2829 τινθι
742 2764 800 2850 (τι)
822 2763 874 2828 ε’πί
895 2788 978 2836 τινος.

271 2877 373 2949 1596.
399 2876 565 2956 λοχεύει
597 2877 647 2942 hic
679 2899 771 2942 seusu
803 2878 942 2943 factitivo
965 2903 1007 2937 =
1031 2885 1110 2943 ποιει·
1136 2877 1271 2958 λοχεύειν
1294 2899 1333 2947 5.,

193 3077 198 3083 α
230 2987 407 3070 λοχεύεσθαι
436 2991 580 3076 (τίκτει).
616 2990 664 3056 Of.
690 2996 765 3071 948,
791 2992 887 3058 111551.
912 2995 1011 3070 1596,
1035 2992 1101 3058 ubi.
1114 2993 1250 3079 positum
1274 2999 1321 3057 est

231 3126 286 3188 pro
309 3104 480 3182 μαιειίομαι.
513 3150 517 3160 ‚
746 3114 748 3118 ⁴

278 3221 373 3282 1591.
403 3218 582 3285 κοίπέθου.
614 3217 695 3282 Cave
719 3220 852 3284 conicias
875 3219 1004 3294 καξὲθου.
1040 3219 1120 3285 Nam
1144 3228 1321 3284 constanter

230 3331 328 3396 forma
351 3333 450 3396 activa
473 3333 587 3398 dicitur
611 3333 749 3399 ἐκτιθέναι
773 3334 810 3398 de
834 3317 939 3399 liberis
963 3336 1162 3421 exponendis.

279 3449 372 3510 1598.
395 3447 433 3519 ἕο
455 3446 653 3526 οὶγκαλοίς.
687 3448 737 3528 Of.
758 3449 870 3514 Elmsl.
895 3449 933 3512 ad
961 3450 1082 3514 Heracl.
1108 3453 1183 3528 271,
1208 3447 1321 3513 Nauck

231 3559 333 3645 Eurc‘p
356 3561 440 3626 Stati.
463 3561 501 3625 ad
525 3562 592 3626 Alc.
617 3563 691 3627 320.

280 3675 373 3738 1602.
398 3674 513 3749 ἡδέος
537 3676 609 3759 ἔχει
634 3708 669 3730 --
693 3679 794 3759 τέρπῃ.
829 3676 931 3742 Aliter
953 3699 1046 3762 supra
1070 3679 1145 3742 647.
1247 3724 1252 3732 ·

271 3789 375 3852 1603.
398 3787 435 3851 Iu
463 3787 737 3856 Vaticanosoodiee
761 3812 823 3861 nou
848 3797 893 3854 est
916 3790 989 3874 είκς,
1011 3798 1047 3855 ut
1063 3791 1156 3876 vulgo
1173 3792 1320 3876 ereditur,

231 3900 286 3964 sed
315 3900 397 3978 είσκ,
431 3902 513 3966 uude
539 3902 761 3982 ’511οἰοὴσθῆς,
788 3904 872 3990 quod
896 3904 1007 3969 melius
1030 3905 1195 3991 respondet
1218 3907 1320 3970 versui

231 4036 409 4100 praegresso
432 4036 523 4100 quam
547 4016 608 4101 ίμς,
633 4018 715 4102 qnod
741 4018 791 4082 edi
807 4017 886 4082 solet
902 4041 918 4082 5
936 4019 1120 4085 Wakefieldi
1136 4021 1319 4087 coniectura.

280 4131 373 4193 1605.
396 4128 705 4210 ἐξαγγέλλομαι
725 4156 820 4218 paene
834 4164 869 4186 =
887 4129 1139 4212 ἐπαγγέλλομαι,
1161 4136 1325 4217 ὑπισχνοῦ(

231 4267 297 4321 μαι,
326 4241 373 4307 01.
399 4242 520 4310 Heracl.
544 4248 618 4324 531,
639 4245 708 4329 (uhi
729 4246 855 4332 Madvig
870 4247 909 4312 ci.
926 4249 1018 4333 κοὶπ.)
1033 4247 1127 4333 Soph.
1139 4246 1178 4313 Ο.
1191 4248 1228 4313 R.
1246 4252 1318 4313 148.

280 4360 374 4423 1605.
398 4356 589 4437 ἐδεξάμεσθα.
614 4359 760 4438 cnoel,
783 4361 874 4428 Rhes.
895 4364 969 4427 295.
992 4360 1039 4428 ΕΙ.
1059 4365 1122 4428 622
1136 4384 1194 4449 ‚pro
1212 4362 1320 4427 vitiosa
