3112 4914
239 383 304 446 206
653 401 905 450 concurreramus.

237 596 429 674 χοιριστήριιι,
461 594 654 674 διοβιιπήριοι,
688 594 768 658 alia?
808 595 992 660 Vertendum
1025 595 1121 680 igitur
1153 603 1246 680 puto:
1278 603 1321 660 ut

238 710 476 773 victimarum
502 709 685 792 sanguine
708 711 855 794 rigaret
879 709 1018 773 Bacchi
1042 732 1145 784 saxa,
1171 710 1321 773 sacrifi-

237 823 331 886 cium
356 844 422 906 pro
446 822 511 884 fili
535 824 738 907 agnitione.

284 939 380 997 naa.
410 935 618 1015 οὶροφήρεις.
654 935 735 999 Male
759 935 908 1020 interpres
931 935 1062 999 Latinus
1086 936 1319 1001 circularia.

238 1049 372 1131 Apparet
411 1048 491 1111 enim
531 1070 566 1112 ex
605 1049 680 1133 ipsis
719 1049 919 1133 sequentibus
960 1049 1189 1114 tabernaculum
1224 1051 1318 1115 fuisse

237 1150 435 1244 quadratum,
459 1162 557 1226 decies
583 1163 666 1227 mille
690 1163 802 1248 pedum
824 1164 956 1248 spatium
974 1165 1144 1228 includens.
1179 1165 1317 1249 Sus'pica·

235 1285 285 1339 tur
314 1275 475 1361 Musgrave
504 1285 622 1360 poetam
657 1286 718 1341 tam
755 1278 918 1362 diligenter
948 1286 979 1343 et
1006 1281 1123 1344 curiose
1147 1279 1316 1344 describere

234 1387 479 1466 tabernaculum,
512 1399 547 1454 ut
578 1391 800 1474 spectatoribus
831 1393 862 1455 in
893 1400 1023 1456 mentem
1050 1394 1165 1456 veniret
1189 1393 1317 1455 Parthe-

234 1504 324 1566 nonis
354 1505 386 1567 in
418 1526 500 1581 arce,
534 1505 621 1569 cuius
652 1505 755 1569 eadem
787 1507 880 1569 luerit
911 1514 941 1568 et
969 1505 1066 1569 forma
1097 1513 1127 1568 et
1157 1526 1314 1580 mensura,

235 1617 330 1680 citans
367 1615 464 1700 lltym.
501 1617 559 1682 M.:
594 1616 886 1692 Ἑκνιπήμπεδον
916 1619 982 1691 νεώς
1017 1621 1079 1684 ἐστι
1110 1627 1164 1693 τῆς
1192 1619 1315 1692 Ἀθηνᾶς

234 1729 324 1791 ποδῶν
346 1728 448 1792 ἑηοιπδν
471 1731 503 1792 ἐκ
526 1729 623 1802 πήσης
647 1734 785 1809 πλευροῖς.
810 1730 857 1794 διοὶ
879 1736 964 1794 τοῦτο
986 1731 1044 1810 arip
1067 1729 1117 1793 ηοιὶ
1137 1728 1314 1806 ὠνόμοσται.

234 1847 354 1905 κοιλοῦσι
377 1843 436 1920 γὰρ
460 1840 547 1906 αὐτόν
569 1867 642 1914 τινες
666 1846 844 1923 Ποιρθενῶνιι.
882 1841 928 1907 Of.
952 1842 1125 1927 Hesychius
1149 1866 1172 1907 s.
1196 1865 1223 1907 v.
1249 1843 1316 1906 ἔκνι-

233 1954 384 2031 clamate.
419 1956 462 2017 At
493 1955 579 2018 aliam
611 1956 744 2018 nominis
775 1979 896 2020 causam
930 1956 1016 2020 affert
1040 1957 1188 2040 Harpoor.
1214 1957 1234 2019 i.
1252 1957 1315 2020 οὖ

233 2070 379 2148 Ποιρήενοδν
400 2069 455 2132 ὑπή
470 2093 550 2134 τινοιν
572 2070 790 2147 Ἑκοιπόριπεδος
807 2073 941 2136 ἕκνιλεῖπσ
957 2071 1004 2136 διοδ
1023 2071 1132 2143 adnare
1151 2071 1201 2135 κνιὶ
1221 2072 1267 2157 erip
1286 2072 1313 2133 ή-

233 2183 305 2259 plan
327 2186 357 2247 οὐ
381 2182 429 2245 διδ
451 2184 590 2259 μέγεθος,
614 2185 650 2255 ὠς
673 2193 826 2260 Menecrate
850 2185 867 2259 ή
890 2185 1114 2264 Κιιλλίσσρονπος
1138 2187 1165 2248 ε’ν
1189 2186 1229 2264 τῷ
1250 2184 1312 2263 περὶ

233 2297 366 2372 Ἀήηνῶν.
391 2297 530 2360 Ceterum
556 2297 686 2361 cellae.
710 2303 801 2382 (quac
825 2300 945 2383 proprie
965 2299 1140 2362 Parthenon
1157 2297 1314 2382 audiebat)

233 2409 436 2472 dimensiones
460 2409 506 2471 illi
529 2409 646 2472 nomini
669 2388 744 2492 quin
763 2411 969 2494 respondeant
982 2432 1043 2474 non
1060 2410 1192 2474 multum
1210 2410 1313 2473 abesse

233 2522 274 2586 ait
310 2522 399 2605 Dyer.
434 2522 454 2584 l.
480 2521 498 2585 l.
533 2546 561 2606 p.
598 2526 669 2598 129,
702 2523 784 2608 apud
817 2546 907 2608 quem
939 2524 1027 2608 plura
1058 2524 1125 2586 vide
1159 2531 1189 2586 et
1212 2524 1262 2586 hio
1286 2529 1315 2584 et

233 2659 261 2720 p.
279 2638 342 2697 390
360 2656 424 2718 sqq.
449 2635 590 2698 Addatur
606 2635 780 2714 Michaelis,
797 2659 825 2721 p.
848 2639 887 2698 23
902 2660 946 2720 sq.
969 2636 1042 2720 Sed,
1056 2644 1091 2700 nt
1103 2636 1263 2700 redeamus
1275 2635 1312 2698 ad

232 2749 396 2828 ἀμφήρεις,
433 2747 542 2811 melius
577 2747 759 2831 Musgrave‚
790 2749 828 2812 el.
861 2748 900 2812 H.
927 2748 957 2813 Ε.
983 2752 1063 2826 242,
1093 2749 1241 2834 explicat:
1268 2748 1313 2812 ab

233 2863 340 2925 omni
363 2862 472 2945 parti
495 2871 717 2929 exstructa.
745 2861 913 2946 Epitheton
939 2885 974 2925 ex
995 2884 1030 2924 eo
1047 2871 1234 2947 estgenere,
1253 2883 1313 2945 quo

232 2976 409 3038 continetur
441 2975 507 3058 ipsa
537 2975 719 3038 substantivi
750 2976 835 3038 notio
865 2977 1052 3052 necessaria,
1085 2976 1186 3060 qualia
1217 2975 1314 3039 multa

232 3095 305 3151 sunt
329 3087 411 3172 apud
435 3095 539 3172 poetas
564 3089 716 3166 Graecos,
739 3090 914 3174 praesertim
939 3090 1020 3174 apud
1041 3089 1218 3154 Homerum.
1243 3088 1314 3152 For-

232 3210 313 3266 mata
344 3224 402 3265 vox
433 3211 468 3264 ut
497 3204 652 3285 οἷνχήρης,
676 3204 819 3284 κοιπήρης,
844 3204 951 3283 διήρης,
976 3205 1115 3283 οὶνπήρης,
1143 3202 1311 3282 οἱμνιξήρης,

231 3315 368 3394 rorare,
403 3313 541 3396 aeona,
574 3318 723 3396 κωπήρης,
755 3318 924 3397 zalulon,
955 3319 1110 3399 orevne,
1142 3319 1310 3395 nonnae,

232 3431 366 3508 διχήρης,
400 3429 564 3510 μεσσήρης,
595 3430 757 3509 χρνσήρης,
790 3431 859 3494 alia.
902 3429 1011 3495 Obiter
1041 3431 1187 3515 corrigam
1212 3429 1312 3494 Schol.

232 3541 308 3606 Van.
332 3541 370 3605 ad
394 3541 431 3607 Il.
456 3541 521 3626 IX,
546 3545 626 3605 336:
651 3544 692 3608 rol
714 3543 761 3608 διὰ
781 3551 831 3609 τοῦ
856 3545 941 3622 ήρης
966 3543 1015 3607 κον)
1039 3544 1130 3618 ώδης
1152 3542 1312 3622 πορώννροοι

230 3656 408 3734 βοιρύνεποιι·
431 3652 570 3737 ξιφήρης,
595 3657 775 3735 ὀλινήρης,
798 3655 925 3736 σοξήρης.
958 3656 1043 3718 Satin
1061 3664 1177 3719 certum
1195 3664 1240 3718 est
1257 3677 1311 3738 pro

230 3770 386 3846 ὀλινήρης,
412 3767 493 3851 quod
517 3768 608 3831 nihili
631 3777 695 3844 est,
720 3769 951 3852 grammat-icum
968 3768 1087 3832 dedisse
1102 3767 1312 3847 toyxrlpne?

276 3884 372 3946 1130.
396 3881 560 3958 νενεπινὶ
584 3882 665 3946 θεοί
679 3882 822 3946 videntur
845 3902 909 3946 essa
932 3881 1133 3961 τρισοπήπορες
1156 3881 1249 3956 dicti,
1274 3880 1311 3944 de

231 3994 342 4079 quibus
368 3994 533 4072 Φοινόδημός
553 4000 642 4075 φησιν
664 3993 707 4059 ὅτι
730 3996 807 4071 μόνον
830 3997 972 4068 Ἀθηναῖοι
991 3994 1084 4059 ateva
1100 3995 1150 4058 aul
1170 3995 1309 4073 εὔχονται

230 4113 326 4181 αὐτοῖς
347 4109 415 4188 ὑπὲρ
431 4108 569 4185 γενέσεως
582 4109 690 4172 παίδων
701 4146 746 4157 -
758 4109 838 4192 apud
851 4108 952 4192 Etym.
966 4109 1009 4173 M.
1022 4131 1045 4172 s.
1058 4131 1085 4171 v.
1098 4108 1310 4188 τριτοπήτσρες.

230 4221 515 4285 Commemorantur
537 4229 568 4284 et
593 4221 646 4285 leel
671 4223 791 4298 νενετοιή
813 4223 921 4286 Aesch.
944 4221 1050 4305 Suppl.
1075 4224 1126 4284 80.
1152 4221 1275 4285 Museo.

276 4338 368 4402 1131.
391 4335 488 4415 μένω
504 4357 609 4399 verum
624 4357 689 4398 esse
705 4341 813 4419 potest.
838 4334 1016 4418 Elegantius
1032 4342 1144 4413 tamen,
1158 4334 1300 4418 quiahoc
