3112 4914
427 392 429 397 ’
553 395 703 441 anuauun
726 394 764 437 nn
789 389 990 437 oouauounna
1151 460 1152 464 Ἰ
1252 361 1360 434 266.

316 658 320 667 ,
453 597 515 684 (ν’)
549 597 701 680 ἀφύκτους
736 595 796 660 ari.
831 601 863 658 et
894 593 973 659 Plat.
1006 590 1141 676 Euthyd.
1172 593 1236 656 669
1267 591 1317 657 D:
1416 612 1419 617 ·

313 688 317 694 ὁ
455 712 588 792 πρόγονοί
611 711 689 797 (μ’),
714 706 747 785 ἦν
771 709 795 775 δ’
818 710 895 791 ἐγὼ,
919 706 969 772 aul
992 705 1132 771 δεσπόταν
1155 706 1216 772 κτὲ.

231 827 269 892 ad
294 849 336 892 ua.
360 830 434 892 669.
457 824 549 890 Nihil
573 834 668 890 muta.
702 823 849 889 Similiter
872 821 1027 906 aequiores
1050 820 1159 885 dieunt
1181 821 1220 893 εἷς
1243 817 1320 901 ἄνδρ’

452 942 674 1019 ἀπαγγέλλειν.
699 938 746 1005 Of.
769 937 915 1024 Syneaius
938 935 1037 1021 Epist.
1061 938 1111 1001 67.

274 1104 294 1135 ,,
358 1057 433 1122 646.
457 1054 546 1119 Adde
570 1059 672 1120 τκῢνκ
695 1055 729 1129 bl
752 1052 863 1119 Aeaeh.
890 1052 972 1118 Pera.
997 1053 1070 1127 169,
1087 1049 1174 1130 alibi3
1191 1059 1221 1116 et
1236 1058 1321 1117 τοῦτο

456 1167 550 1254 Soph.
575 1165 651 1233 Oed.
675 1166 749 1252 Reg.
777 1169 880 1232 1005:
908 1168 959 1232 κκὶ
983 1167 1041 1244 μὴν
1064 1165 1201 1244 μάλιστα
1222 1168 1321 1233 τοῦθ’

456 1283 607 1362 ἀφικόμην
630 1283 692 1347 κτὲ.

277 1446 297 1476 ,,
361 1401 437 1463 648.
461 1395 507 1460 Do
532 1395 754 1480 signifieatione
778 1395 860 1459 vocis
885 1396 969 1467 ἐλπίς
990 1391 1028 1461 ol.
1046 1395 1238 1461 luculentum
1255 1395 1322 1459 Pla·

460 1509 542 1573 tonia
565 1508 777 1573 testimonium
801 1507 896 1593 Legg.
919 1506 937 1572 Ι
962 1532 992 1594 p.
1018 1509 1082 1574 644
1099 1508 1138 1588 G,
1165 1508 1203 1575 D.

275 1670 295 1702 „
358 1621 587 1688 664111613Ιεί
619 1622 813 1698 coniectura,
846 1643 938 1706 quam
970 1644 1024 1707 per
1053 1601 1182 1688 errorem
1215 1623 1320 1700 omisi,

455 1735 530 1800 haee
553 1738 600 1800 eat
625 1735 713 1801 ταῦτ’
736 1734 773 1801 ἂν
795 1772 841 1785 -
864 1737 969 1817 μέτρκ.
1014 1736 1132 1801 Multos
1154 1737 1238 1801 looos
1263 1737 1323 1802 huo

454 1849 644 1934 pertinentes
666 1849 789 1934 eollegit
807 1848 938 1934 Blaydea
955 1849 993 1914 ad
1010 1849 1102 1936 Sopb.
1120 1849 1230 1916 Eleotn
1248 1854 1323 1917 916.

455 1961 514 2026 Bon
538 1962 676 2027 nondum
694 1963 731 2027 ad
748 1962 903 2046 liquidum
921 1963 1070 2048 perdnota
1085 1964 1213 2028 videtur.
1237 1963 1322 2045 Quid

457 2077 481 2140 si
502 2076 630 2141 Elmslei
646 2075 818 2141 observatio
830 2099 893 2141 non
906 2076 1056 2141 debeatur
1068 2087 1226 2162 poetarum
1241 2079 1322 2157 usui,

456 2190 508 2255 sed
532 2190 668 2255 incuriae
692 2189 910 2254 librariorum?
931 2191 981 2254 Ita
1005 2185 1066 2271 εἶχ’
1088 2188 1126 2254 ἄν
1148 2190 1240 2256 luerit
1256 2194 1325 2257 reti·
1425 2217 1428 2224 ¹

457 2303 601 2369 nendum.

276 2463 296 2494 „
359 2420 432 2482 861.
457 2416 503 2481 De
526 2417 595 2481 loeo
617 2423 718 2480 tamen
742 2414 912 2500 Sophocleo
936 2413 973 2481 O.
994 2414 1028 2481 0.
1056 2419 1139 2480 1686
1169 2425 1215 2480 est
1239 2418 1324 2502 quod

456 2530 642 2595 dubitamus.
666 2528 714 2594 Ol.
738 2528 887 2592 Meinekii
911 2528 1078 2593 adnotatio.

277 2689 297 2722 „
361 2646 436 2710 676.
461 2643 548 2707 Adde
581 2642 702 2707 Heraol.
736 2645 779 2705 44
814 2642 1123 2725 κνὶπνβωμννστκτεῒν,
1156 2643 1212 2708 nbi
1242 2650 1324 2707 reete

456 2755 584 2821 Erfurdt
606 2756 809 2835 uelntsseplove
832 2754 927 2832 ἄνειν.

278 2918 298 2949 ,,
362 2873 438 2936 677.
462 2868 510 2934 cf.
543 2868 638 2954 Soph.
675 2871 749 2934 Ant.
787 2871 890 2946 1291,
932 2870 986 2934 ubi
1020 2880 1102 2934 reete
1136 2870 1326 2949 κελευμάτων

457 2983 630 3069 corrigitur.

279 3145 299 3176 „
362 3101 438 3163 696.
461 3096 582 3162 Literae
606 3097 630 3161 P
655 3096 733 3161 male
756 3098 894 3162 inveotao
917 3097 1084 3163 alibrariis
1100 3120 1197 3164 unum
1213 3099 1323 3164 addam

461 3210 635 3294 exemplum
652 3208 705 3273 sed
722 3209 1002 3275 luculentissimum
1019 3232 1055 3275 ex
1072 3210 1210 3275 Platonis
1230 3210 1326 3296 Legg.

459 3322 503 3400 ΙΙ,
527 3346 559 3409 p.
585 3325 649 3387 664
665 3321 708 3390 0:
725 3329 828 3404 ψυχῆς
844 3325 879 3388 ἐν
894 3324 988 3396 πόνοις
1004 3324 1220 3406 ἐρχομένης,
1241 3325 1326 3411 quod

461 3436 655 3522 participium
690 3437 852 3523 soriptorea
882 3437 979 3502 Attioi
1011 3438 1163 3522 ignorant.
1199 3437 1326 3523 Gorrige

458 3550 669 3632 ἐχομένης.

282 3713 302 3744 ,,
364 3668 429 3730 698
454 3687 499 3751 sq.
526 3664 615 3729 Adde
638 3663 762 3729 Terent.
787 3663 896 3750 Heoyr.
922 3666 986 3730 676
1003 3686 1048 3750 sq.

282 3827 302 3858 ‚,
365 3782 430 3843 469
455 3801 501 3864 aq.
521 3777 610 3843 Adde
628 3778 706 3843 Plat.
719 3777 824 3863 Remp.
837 3778 882 3856 ΙΙ,
896 3801 961 3864 oap.
974 3782 1027 3857 17,
1043 3777 1137 3863 Legg.
1152 3777 1217 3842 XII
1230 3779 1327 3844 initio.

282 3940 302 3972 „
366 3896 441 3957 469.
468 3891 582 3957 Looum
612 3889 706 3976 Soph.
730 3890 779 3954 El.
806 3894 870 3953 888
894 3892 953 3956 iam
977 3891 1054 3955 alios
1077 3902 1148 3955 ante
1173 3913 1220 3957 me
1242 3891 1327 3955 aimi-

462 4005 533 4068 liter
554 4010 687 4068 tentatae
711 4024 778 4067 sero
801 4002 948 4069 intellexi.

282 4168 303 4199 „
366 4122 441 4184 479.
465 4118 511 4182 De
533 4125 630 4183 metro
649 4117 762 4200 erravi3
785 4118 908 4182 namin
930 4118 1168 4184 vs.antithetioo
1181 4120 1244 4182 469
1256 4141 1327 4199 χρυ·

462 4233 532 4298 σέων
548 4231 634 4317 epioo
649 4251 732 4294 more
748 4231 876 4316 primam
893 4229 1040 4317 syllabam
1054 4233 1156 4318 potuit
1168 4231 1327 4315 corripere.

283 4400 304 4432 ‚,
368 4345 511 4416 67601.
535 4365 659 4431 qnoque
682 4342 776 4429 Soph.
800 4344 848 4410 Ill.
873 4347 936 4411 799
953 4366 997 4430 sq.
