3112 4914
490 1301 988 1388 COMMENTARIUS.

241 2009 350 2094 Neque
382 2013 506 2075 omniuo
539 2013 624 2077 valde
655 2013 788 2077 admiror
811 2013 1008 2098 prologorum
1033 2011 1191 2074 inventum
1216 2032 1282 2073 raro

199 2123 291 2200 utile,
317 2147 405 2208 saepe
429 2125 648 2209 perniciosum,
667 2147 729 2208 quo
747 2125 946 2209 praeripiatur
962 2122 1125 2207 spectatori
1142 2121 1282 2204 voluptas

199 2261 235 2300 ex
260 2237 325 2321 ipsa
349 2237 468 2302 fabulae
493 2239 644 2324 sapienter
666 2239 808 2302 instituta
824 2236 1000 2302 oeconomia
1016 2236 1126 2298 sensim
1145 2232 1282 2296 discendi

197 2361 346 2415 ante-acta
366 2375 426 2414 non
444 2351 544 2414 minus
562 2374 650 2434 quam
668 2351 837 2435 praesentia
853 2373 887 2414 ao
904 2349 1022 2423 futura,
1041 2354 1071 2410 et
1089 2345 1281 2409 vehementer

198 2463 274 2528 mihi
304 2464 467 2548 displicent
498 2464 639 2549 prologi,
672 2464 770 2550 qualis
802 2465 852 2527 hic
884 2473 946 2539 est,
981 2462 1031 2525 ubi
1065 2484 1126 2524 non
1160 2466 1279 2523 tantum

196 2579 210 2640 ὁ
234 2576 409 2657 προλογίζων
440 2576 478 2642 ab
506 2579 572 2662 ipsa
604 2578 723 2641 actione
746 2577 863 2641 alienus
887 2583 950 2652 est,
976 2574 1027 2637 sed
1053 2595 1091 2636 ne
1114 2570 1280 2657 probabilis

196 2689 320 2774 quidem
354 2713 445 2754 causa
470 2690 566 2753 afferri
591 2697 709 2775 potest,
735 2711 789 2752 cur
812 2689 843 2751 in
868 2709 986 2751 scenam
1011 2684 1137 2769 prodeat
1163 2685 1279 2766 (vanam

196 2804 275 2867 enim
300 2826 334 2867 ac
353 2803 503 2888 'puerilem
529 2826 592 2867 esse
610 2803 740 2867 arbitror
756 2825 846 2886 quam
869 2809 957 2885 poeta
976 2800 1064 2885 fingit
1084 2822 1127 2861 vs.
1151 2800 1190 2863 76
1213 2799 1279 2881 sq.),

196 2915 256 2978 nisi
280 2915 352 2979 haec
378 2938 452 2989 una,
473 2923 506 2977 ut
523 2938 557 2978 ea
573 2914 741 2978 doceantur
757 2923 959 2998 spectatores,
978 2933 1054 2996 quae
1071 2910 1158 2974 facile
1175 2917 1280 2994 postea

196 3029 304 3112 partim
330 3027 365 3092 eri
389 3028 517 3112 dialogis
541 3029 626 3091 Ionis
649 3050 720 3091 cum
745 3027 852 3091 Xutho
876 3037 906 3091 et
929 3026 1061 3090 Grei'rsae
1082 3046 1151 3088 oum
1172 3022 1279 3108 paeda·

195 3165 292 3226 gogo,
317 3143 426 3227 partim
453 3166 468 3205 e
491 3142 618 3226 Pythiae
642 3165 779 3206 sermone
803 3141 979 3225 intellegere
1002 3146 1175 3224 potuerant.
1201 3137 1279 3202 Mer·

194 3255 311 3317 curium
337 3254 436 3316 fratris
460 3267 569 3337 rogatu
594 3277 691 3318 arcam
717 3254 876 3318 vimineum
902 3253 1039 3336 Delphos
1058 3259 1278 3336 transportasse

193 3369 219 3430 si
251 3368 319 3430 sciri
351 3368 510 3444 intererat,
546 3366 634 3431 verbo
659 3368 696 3430 de
720 3389 755 3430 ea
780 3390 810 3430 re
834 3389 956 3431 monere
979 3367 1081 3451 potnit
1104 3367 1135 3428 in
1160 3364 1278 3428 fabulae

194 3482 276 3544 exitu
301 3481 447 3543 Minerva.

238 3592 403 3674 Prologum
439 3593 534 3676 igitur
568 3593 615 3679 in
636 3593 691 3657 hac
725 3591 827 3657 fabula
862 3594 926 3677 agit
957 3593 1145 3668 Mercurius,
1178 3599 1213 3654 ut
1245 3591 1277 3653 in

194 3704 347 3768 Alcestide
371 3704 499 3787 Apollo,
526 3705 557 3766 in
582 3703 752 3789 Hippolyto
776 3704 898 3781 Venus,
924 3705 954 3767 in
971 3704 1142 3769 Troadibus
1158 3703 1278 3788 Neptu·

192 3841 267 3894 nus,
302 3818 333 3880 in
366 3816 492 3881 Hecuba
523 3817 630 3881 umbra
664 3818 823 3902 Polydori,
857 3818 888 3881 in
921 3817 1052 3902 Cyclope
1080 3817 1219 3894 Silenus,
1244 3818 1275 3880 in

195 3928 321 3992 Bacchis
352 3927 499 3992 Bacchus.
543 3929 601 3992 Sed
635 3928 773 3994 Bacchus
806 3939 836 3993 et
866 3929 986 3993 Silenus
1012 3929 1058 4016 (et
1082 3930 1275 4012 aliquatenus

194 4042 304 4126 Apollo
340 4064 374 4104 ac
405 4040 524 4123 Venus)
560 4042 650 4105 simul
687 4052 759 4106 sunt
791 4043 934 4106 dramatis
969 4065 1132 4126 personae,
1166 4045 1211 4126 (ut
1232 4043 1275 4128 'in

194 4154 336 4237 Aeschyli
360 4153 541 4217 Prometheo
564 4153 738 4218 Mercurius
762 4162 792 4218 et
814 4154 986 4231 Vulcanus,
1003 4156 1033 4218 in
1051 4154 1275 4220 Eumenidihus

192 4266 300 4331 Furiae
328 4274 358 4331 et
382 4267 514 4351 Apollo,
540 4268 571 4330 in
595 4267 754 4352 Sophoclis
778 4269 869 4332 Aiace
894 4269 1051 4352 Minerva).
1088 4269 1125 4332 ln
1150 4268 1275 4354 reliquis
