3112 4914
556 390 705 435 unorum
728 390 767 432 nr
791 388 993 433 concionum
1249 371 1315 434 257

123 640 126 645 .
230 586 267 650 ad
292 604 335 650 vs.
361 584 436 649 575.
459 581 612 645 Videatur
634 586 736 644 tamen
761 578 891 662 Eupolis
914 577 947 642 F.
972 577 1007 642 Ο.
1033 598 1058 641 11
1083 602 1112 663 p.
1138 582 1212 644 536.

272 747 291 778 ,,
356 700 428 763 759.
453 697 512 760 Pro
547 696 627 776 ἔχεις
662 694 728 759 noli
763 693 911 778 suspicari
943 693 1069 771 στέγεις.
1111 693 1189 758 Vide
1221 695 1316 780 Soph.

295 875 296 878 ,
455 811 530 876 Ant.
554 812 586 874 9.

277 975 297 1005 ,,
362 929 436 990 818.
459 923 575 988 Similia
606 922 812 1008 interpolandi
845 943 935 987 causa
967 921 1024 985 luit
1055 944 1104 1005 ap.
1136 921 1214 987 Plat.
1245 921 1321 987 Crit.

460 1041 501 1101 52
515 1037 556 1114 Β,
574 1036 628 1101 ubi
645 1035 791 1119 Hirschig
807 1042 888 1098 reete
900 1033 1050 1119 expunxit
1064 1033 1188 1098 verbum
1204 1035 1319 1099 εἷδέιιιι.

278 1201 299 1231 ,,
362 1154 435 1216 820.
458 1149 606 1227 ξενοῦσθαι
642 1149 784 1213 similiter
818 1148 897 1211 dixit
928 1147 1095 1232 Sophocles
1127 1147 1234 1213 Traoh.
1267 1152 1319 1213 65.

455 1264 629 1327 Hunnluu.

276 1427 294 1456 ‚,
363 1380 437 1442 822.
460 1377 572 1459 ἄφετος
603 1376 677 1439 deo
713 1375 888 1440 dicatus.
932 1375 980 1438 lta
1014 1377 1135 1460 proprie
1172 1383 1320 1439 vocantur

455 1489 588 1575 pecudes
620 1488 675 1552 Dis
704 1495 897 1552 consecratae
920 1487 1014 1552 libere
1039 1490 1104 1552 sine
1127 1496 1248 1573 pastore
1272 1512 1323 1553 va-

457 1610 565 1688 gantes
588 1603 620 1665 in
645 1603 738 1667 sacris
760 1600 948 1666 nemoribus.
974 1601 1020 1665 Of.
1046 1602 1185 1667 Platonis
1208 1600 1320 1666 Critias

459 1742 488 1805 p.
515 1721 578 1782 119
596 1717 635 1795 Ι),
661 1717 784 1801 Protag.
810 1740 838 1802 p.
864 1721 927 1781 820
946 1719 989 1793 Α,
1013 1714 1118 1799 ibique
1141 1715 1320 1781 Stallbaum.

282 1881 302 1912 „
366 1836 439 1898 827.
463 1833 513 1896 Ad
538 1831 755 1917 Imperfectum
780 1831 818 1897 el.
835 1831 925 1896 Iliad.
943 1830 1001 1910 IX,
1018 1834 1084 1898 415
1106 1827 1171 1915 sqq.
1192 1839 1222 1894 et
1243 1831 1324 1894 Mat·

461 1945 545 2009 tlriae
570 1945 623 2012 Gr.
646 1945 663 2030 q
687 1948 764 2023 506,
787 1945 825 2023 V,
851 1949 879 2010 2.
1032 2023 1034 2026 Ι

280 2109 300 2140 ,,
363 2063 437 2125 830.
462 2059 522 2124 Pro
555 2059 734 2124 Dindorf
762 2059 830 2144 lege
861 2058 1003 2123 Nauck
1034 2060 1066 2123 in
1096 2082 1204 2125 comm.
1237 2068 1267 2122 et
1291 2058 1323 2121 in

461 2173 530 2237 adn.
554 2173 620 2238 crit.
644 2195 672 2257 p.
697 2174 748 2239 37.

283 2338 304 2367 ,,
367 2292 440 2354 883.
471 2288 722 2357 συντιθέντες
753 2287 820 2363 hic,
852 2293 889 2349 ut
920 2286 1118 2369 plerumque,
1151 2288 1181 2349 in
1213 2287 1323 2350 malam

462 2407 578 2484 partem
610 2407 790 2484 usurpatum
814 2399 852 2462 de
875 2399 1023 2462 machinis
1048 2409 1078 2462 et
1103 2400 1246 2463 artificiis,
1279 2399 1324 2464 Of.

462 2513 554 2599 Soph.
579 2512 617 2578 Ο.
642 2512 680 2576 R.
706 2515 782 2577 431.

285 2680 301 2708 ,,
367 2627 502 2693 925111
527 2626 595 2692 adn.
619 2626 686 2691 crit.
712 2625 749 2688 ad
775 2626 804 2691 h.
828 2633 993 2690 renotare
1010 2627 1131 2710 neglexi
1149 2626 1242 2691 claron
1260 2650 1325 2702 esse

462 2739 598 2805 Nauckii
626 2739 878 2804 emendationem.
1021 2820 1026 2829 .

231 2911 236 2917 .
279 2903 300 2931 ‚,
342 2851 575 2919 ledemallus
605 2852 754 2915 iudicavit
785 2850 884 2916 Plato.
919 2850 966 2914 Of.
1000 2850 1085 2914 Crito
1118 2855 1159 2914 49
1187 2855 1212 2914 Α
1238 2875 1323 2936 sqq,

461 2965 547 3031 alibi.
571 2966 618 3029 De
640 2965 709 3051 ipso
732 2965 856 3030 Socrate
880 2965 949 3028 vide
960 2964 1108 3050 ,Xenoph.
1127 2965 1217 3030 Mem.
1235 2966 1278 3043 II,
1294 2973 1323 3044 6,

461 3084 502 3144 35
537 3086 567 3143 et
597 3079 666 3156 III,
692 3084 721 3145 9.
748 3083 776 3144 8.
813 3078 1019 3157 01111111,
1045 3079 1178 3145 Phild.
1204 3081 1324 3157 Gr.II,
1399 3158 1401 3163 ,

190 3280 192 3284 Ι
224 3248 226 3252 .
431 3199 433 3202 ’
464 3198 492 3269 1,
517 3215 546 3278 p.
573 3195 636 3256 142
654 3215 697 3278 sq.
721 3192 783 3278 (ed.
805 3191 880 3279 HI).

283 3353 302 3385 „
345 3308 441 3371 1117.
466 3305 513 3371 Of.
537 3306 664 3390 pulchra
688 3307 840 3370 sententia
864 3305 1035 3390 Sophoclea
1060 3307 1163 3391 Antig.
1186 3311 1280 3373 1044.

282 3467 302 3498 ,,
345 3421 441 3484 1127.
467 3420 523 3484 Ion
548 3421 704 3505 insperato
729 3419 852 3484 oblatus
876 3421 956 3505 patri
979 3421 1060 3484 filius
1080 3421 1152 3486 huic
1167 3424 1264 3487 instar
1281 3432 1327 3487 est

463 3557 568 3597 recens
600 3535 674 3598 nati.
716 3533 799 3597 Hinc
822 3556 945 3620 quoque
969 3537 1052 3599 θῦσιιι
1075 3537 1211 3613 γενέθλιοι
1235 3561 1328 3623 supra

463 3650 526 3711 653
559 3656 589 3712 et
621 3650 696 3713 505.
731 3647 824 3712 Nunc
854 3649 934 3713 enim
958 3649 1038 3712 finnt
1062 3672 1139 3733 quae
1165 3652 1238 3715 olim
1262 3653 1327 3716 fieri

464 3781 527 3824 non
551 3767 724 3845 potuerant.
743 3761 908 3847 ..101111
927 3764 1070 3840 γενέθλιοι
1094 3765 1177 3849 apud
1196 3767 1326 3852 Aeschy-

460 3874 526 3938 lum
550 3874 638 3939 Ilum.
664 3878 680 3939 7
707 3883 737 3939 et
760 3875 883 3940 Terent.
908 3877 1030 3942 Phorm.
1055 3878 1081 3956 I,
1111 3881 1138 3956 l,
1166 3883 1231 3961 12).

284 4033 305 4064 ,,
348 3991 443 4052 1188.
467 3989 612 4052 Attamen
643 3988 764 4070 πλέθρου
790 3998 882 4068 μῆκος
906 3991 955 4053 vix
980 3991 1065 4055 aliud
1090 4001 1190 4076 potest
1215 3994 1328 4079 signifi-

461 4123 529 4165 care
564 4122 656 4186 quam
680 4102 985 4187 'longitudinis
1021 4127 1216 4184 mensuram,
1254 4110 1327 4192 quia

465 4224 559 4292 μῆκος
593 4224 624 4279 et
655 4217 765 4298 μακρός
797 4239 858 4280 non
890 4217 949 4282 nisi
973 4219 1249 4304 metaphorice
1273 4246 1327 4307 pro

465 4330 588 4407 μέγεθος
614 4339 644 4393 et
666 4331 765 4409 μέγιις
791 4332 933 4418 usurpari
956 4334 1107 4399 videntur.
1144 4334 1247 4415 Quare
1263 4340 1327 4406 fieri

1200 4451 1229 4502 17
