3112 4914
267 374 330 437 154
675 398 929 444 condemnares.

263 591 387 672 ὥσπερ
419 597 455 659 ἐν
485 593 586 673 ξύλςο
617 592 912 678 παγείςΙλύγῳ
943 594 1108 668 πολίτης
1139 593 1241 668 ἐστι’,
1267 601 1348 664 τοῖς

264 707 288 770 δ’
307 707 478 788 ἔργοισιν
503 713 550 776 οὐ.
575 748 620 758 -
643 710 856 788 Necessarium
880 732 961 784 esse,
986 708 1069 792 quod
1093 709 1232 793 quamvis
1257 706 1348 771 duhi-

264 827 364 885 tanter
393 821 451 886 iam
485 822 645 908 proposuit
678 821 850 897 Hermann,
881 820 937 892 οὐς
973 842 1027 904 pro
1057 818 1112 892 τούς
1142 819 1346 883 demonstravi

269 935 430 1020 Verrlcqerr
454 936 509 1012 IV,
536 942 563 1014 1,
588 960 618 1021 p.
644 940 697 1013 99,
726 941 797 1001 119.

310 1050 383 1111 591.
415 1048 463 1115 cf.
493 1051 568 1115 579.

310 1166 384 1227 599.
418 1166 632 1242 νοθαγενής
657 1197 693 1219 =
718 1165 810 1240 νθθος,
845 1178 881 1230 51
904 1165 1001 1228 Andr.
1027 1168 1102 1240 919,
1128 1167 1202 1227 946.
1226 1161 1349 1246 Reliqui

265 1277 373 1362 tragici
394 1278 541 1343 vocabulo
561 1301 622 1344 non
644 1287 784 1344 utuntur.
810 1280 905 1364 llipp.
931 1282 1016 1343 1689
1040 1278 1140 1355 μηδείς
1157 1280 1223 1342 ποτ’
1239 1274 1349 1350 clarata

264 1390 447 1468 ἕμῶνφ1λων
459 1391 544 1464 νύθος.
565 1392 818 1468 0151551555,
837 1397 932 1470 1998,
950 1393 1152 1471 19651959.
1169 1388 1350 1454 Nobilitatis

265 1501 371 1566 landes
403 1504 535 1569 celebrat
558 1482 642 1570 chori
667 1528 787 1570 carmen
813 1506 959 1570 Androm.
985 1508 1048 1570 766
1066 1526 1151 1588 sqq,
1177 1503 1230 1567 ubi
1253 1500 1351 1566 Cobet

264 1614 337 1680 Ver.
361 1616 445 1682 Lect.
470 1641 499 1702 p.
523 1621 585 1682 599
606 1641 646 1684 vs.
670 1623 731 1685 177
759 1641 814 1704 pro
835 1620 895 1684 aul
912 1621 1025 1684 θανούσο
1043 1617 1129 1682 malit
1145 1619 1211 1682 κούν
1226 1618 1349 1681 θανούον.

313 1735 387 1796 591.
417 1730 546 1796 Versum
580 1732 713 1797 lacerum
744 1733 823 1796 alius
847 1733 907 1796 5115
932 1732 1021 1796 modo
1045 1731 1155 1796 sarcire
1179 1738 1346 1802 conantur,

265 1844 318 1908 sed
343 1844 480 1930 plerique
503 1846 563 1930 sic,
589 1854 623 1910 ut
646 1846 770 1911 silentio
794 1869 929 1932 premere
954 1855 1086 1930 praestet
1103 1844 1281 1908 tentamina.
1309 1842 1346 1905 In

265 1981 389 2023 censum
422 1961 523 2024 venire
550 1971 652 2046 potest
675 1962 755 2046 quod
781 1963 954 2046 suspicatus
978 1969 1025 2025 est
1047 1961 1183 2045 Scaliger
1204 1959 1238 2023 51
1261 1958 1349 2036 μηδὲν

266 2073 302 2136 ὐν
321 2070 380 2148 κύξ
402 2073 525 2155 οὐδένων,
546 2083 600 2138 551
624 2073 816 2138 Valckenaar
838 2075 852 2138 ὁ
874 2075 961 2150 μηδὲν
985 2075 1020 2139 ὐν
1043 2073 1102 2148 κύἓ
1121 2073 1246 2148 οὐδένων,
1266 2070 1349 2155 qnod

266 2207 336 2248 cum
368 2185 536 2251 Matthiaeo
567 2188 680 2272 recepit
713 2187 851 2253 Dindorf.
891 2188 947 2250 His
972 2186 1106 2251 deterius
1129 2186 1204 2250 milri
1229 2185 1351 2248 videtur

266 2305 297 2362 et
331 2298 412 2384 quod
454 2300 583 2364 coniecit
621 2300 760 2365 Schmidt
795 2303 868 2379 ἐγὼ
902 2303 935 2366 τὸ
968 2301 1055 2377 μηδὲν
1091 2300 1242 2373 κούδένον,
1278 2299 1352 2382 5515

267 2434 435 2496 pronomen
473 2414 627 2498 personale
664 2436 783 2477 versum
815 2414 936 2478 ordiens
968 2436 1032 2479 eam
1058 2412 1215 2498 emphasin
1241 2411 1349 2487 habet,

268 2548 357 2610 quam
391 2526 450 2590 loci
481 2528 558 2590 ratio
591 2549 652 2591 non
688 2528 861 2612 permittat,
897 2546 928 2592 et
962 2527 1044 2612 quod
1080 2527 1178 2590 555511
1215 2523 1350 2588 Badham

266 2641 384 2712 αὐτὸς
407 2641 441 2706 τὸ
463 2641 551 2717 μηδὲν
574 2641 725 2716 κούδὲνοον,
750 2641 781 2704 15
807 2664 868 2726 555
892 2663 953 2704 555
974 2641 1070 2725 magis
1087 2639 1176 2703 video
1192 2638 1274 2722 quod
1291 2634 1352 2700 sihi

268 2753 341 2818 55111
372 2754 511 2819 additum
543 2755 642 2826 αὐκθς.
680 2754 817 2838 Uterque
847 2764 948 2817 tamen
973 2754 1049 2817 bene
1073 2752 1225 2816 intellexit
1248 2751 1349 2815 locum

267 2890 329 2930 non
352 2889 416 2930 esse
440 2867 600 2952 participio
623 2868 676 2944 ὤν,
700 2866 784 2950 quod
808 2866 886 2931 male
908 2865 1015 2951 pedem
1036 2864 1144 2928 intulit
1163 2887 1179 2929 e
1199 2887 1351 2949 praegres-

267 2981 317 3045 sit.
352 2981 432 3045 Mihi
456 2982 514 3045 hoc
535 2981 592 3046 Ion
616 2983 717 3047 dicere
739 2981 877 3045 videtur:
910 2981 936 3043 si
965 2980 1132 3064 potentiam
1158 2990 1265 3042 nactus
1290 3001 1351 3041 non

268 3118 334 3173 ero,
360 3118 502 3181 semper
520 3119 638 3182 premar
660 3095 780 3180 generis
803 3093 949 3180 ignobilis
970 3094 1123 3170 convicio,
1142 3093 1245 3176 itaque
1262 3103 1351 3175 poeta

268 3209 424 3294 scripsisse
447 3211 521 3274 mihi
546 3211 667 3275 ridetur
689 3211 748 3293 (5151
766 3213 813 3292 τὸ)
825 3210 914 3289 μηδὲν
925 3207 1067 3274 κούδὲνων.
1092 3209 1195 3279 Οὐδείς
1208 3216 1239 3270 51
1251 3207 1351 3281 μηδείς

270 3343 330 3384 555
360 3323 510 3386 sententia
537 3323 643 3387 iuncta
675 3332 708 3386 ut
742 3322 836 3407 Soplr.
868 3322 918 3385 Αἱ.
954 3325 1036 3385 1961
1071 3330 1100 3383 51
1124 3319 1231 3403 fragm.
1256 3318 1350 3402 Soph.

270 3439 343 3513 596,
377 3441 405 3501 9.
441 3436 490 3500 Ad
520 3437 594 3514 μηδὲ
625 3437 661 3502 cf.
692 3435 767 3499 Eur.
798 3435 913 3500 Phoen.
945 3437 1020 3511 601,
1054 3433 1147 3518 Soph.
1182 3431 1230 3494 El.
1260 3433 1351 3494 1166.

268 3549 414 3634 Suspecta
445 3550 520 3614 mihi
549 3550 640 3614 lectio
671 3549 704 3613 in
735 3549 770 3612 fr.
802 3551 877 3624 987,
910 3551 948 3611 15
972 3549 986 3611 o‘
1009 3546 1034 3611 δ’
1054 3547 1154 3611 οὐδὲν
1178 3547 1266 3616 οὐδεὶς
1290 3546 1351 3609 δια

191 3730 194 3735 ,
267 3664 403 3736 τέλους
426 3665 455 3728 δὲ
477 3665 646 3743 δυστυχῶν.
672 3659 727 3724 561
749 3661 788 3725 ob
819 3661 1044 3744 oppositionem
1068 3659 1262 3743 expectabam
1286 3660 1299 3723 ὐ
1325 3658 1350 3723 δ’

267 3777 394 3842 οὔποτ’
416 3778 505 3849 οὐδεὶς
528 3777 574 3840 551
596 3779 611 3839 ὐ
633 3777 657 3840 δ’
679 3774 813 3852 οὐδάμ’
837 3775 926 3847 οὐδεὶς
949 3775 1011 3840 κτὲ.
1035 3811 1080 3823 -
1107 3771 1192 3852 Quid
1220 3773 1350 3836 Dindor-

268 3890 340 3953 fium
372 3891 500 3954 moverit
530 3899 565 3952 ut
596 3911 651 3973 pro
675 3888 814 3952 codicum
839 3888 990 3972 scriptura
1012 3889 1191 3963 κεκλήσομαι
1217 3909 1253 3949 ex
1277 3909 1351 3970 apo-

268 4005 384 4090 grapho
410 4005 545 4069 Parisino
565 4005 712 4087 reciperet
728 4003 923 4087 participium
944 4003 1170 4081 κεκλημένος,
1188 4000 1270 4084 5556
1287 4022 1351 4085 pro·

268 4120 319 4184 cul
350 4119 446 4184 dubio
469 4120 617 4205 originem
642 4117 731 4183 debet
755 4140 932 4203 praegresso
954 4117 1127 4191 κεκτημένος
1151 4117 1263 4197 (591),
1289 4135 1349 4177 555

268 4244 389 4318 exputo.

314 4349 387 4419 595.
417 4346 458 4411 τὸ
488 4352 631 4430 πρῶτον
655 4383 699 4397 -
728 4345 861 4431 ζυγόν,
894 4344 1067 4429 primum
1099 4348 1349 4420 transtrum,
