3112 4914
282 383 344 446 162
694 395 947 440 commaneamus.

280 618 323 658 οιν
357 594 403 657 οδε)
439 592 552 668 λέγειν,
594 593 625 655 οὐ
665 590 853 668 γενέθλιοι
894 587 954 651 οὐδὲ
988 585 1161 662 γενέσιοι.
1207 583 1361 663 Εὐριπίδης

276 707 366 780 Ἴωνι,
390 704 536 784 Ἡροδοτος
561 703 690 783 τετοθοτῳ
716 704 798 786 (26).
824 701 944 764 Addere
969 709 1109 782 potuerat
1133 699 1211 761 Xon.
1234 696 1304 781 (lyr.
1329 697 1360 772 I,

282 824 312 894 3,
340 821 398 892 10,
432 817 509 882 Plat.
535 817 601 880 Alo.
629 817 652 889 Ι,
678 840 707 899 p.
734 818 789 879 lai
820 815 862 890 B,
889 815 973 877 alios.
999 812 1056 876 Sed
1081 813 1161 876 idem
1186 811 1302 874 fallitur
1325 809 1362 872 de

282 933 460 1008 γενέσιο,
494 929 548 994 ubi
578 933 609 994 in
644 951 707 992 voc.
734 931 805 993 baec
829 935 935 1012 rogat:
960 928 1044 1000 οὕοης
1068 951 1102 991 τε
1124 927 1219 1004 ἑορτῆς
1242 924 1362 1000 δημοτε-

281 1051 347 1116 λοῦς
371 1043 504 1118 Ἀθῆνοιις
528 1045 728 1122 Βοηδρομιῶνος
751 1042 909 1118 πέμπτης,
933 1042 1096 1118 γενέσιοι
1119 1039 1298 1115 κοιλουμένης
1318 1075 1363 1086 -—

280 1160 311 1222 τί
339 1159 442 1224 κωλύει
473 1161 514 1235 μῆ
537 1159 620 1235 μθνον
644 1158 691 1222 ἐπὶ
717 1166 769 1230 τῆς
794 1157 968 1232 δημοτελοῦς
993 1157 1108 1234 ἑορτῆς,
1132 1154 1216 1218 οθλλοδ
1241 1153 1291 1217 κοιὶ
1314 1153 1361 1216 εἰιδ

281 1281 333 1347 τῆς
364 1273 436 1343 ἰδίοις
469 1271 592 1336 ἑκάστου
615 1269 791 1353 τοιοσεοθοιις
818 1269 929 1333 Obstat
954 1270 1032 1332 euim
1058 1277 1200 1332 constans
1224 1267 1360 1330 omnium

282 1408 399 1461 usae,
423 1408 545 1469 penes
570 1407 683 1467 quem
708 1382 925 1447 arbitrium
951 1391 1012 1446 est
1035 1390 1073 1446 et
1096 1383 1154 1446 ius
1179 1390 1213 1444 et
1237 1403 1363 1444 norma

280 1497 488 1583 loquendi

328 1612 402 1672 656.
436 1609 562 1682 δῆθεν,
587 1608 783 1685 scilieet‚'
805 1617 891 1672 notat
921 1610 1057 1672 ironiam.
1093 1607 1139 1670 Of.
1166 1611 1240 1682 831,
1265 1607 1303 1670 H.
1327 1606 1362 1669 F.

284 1723 358 1794 949,
382 1718 472 1784 Rbes.
499 1722 571 1793 119,
598 1717 699 1783 Orest.
724 1722 818 1797 1119,
848 1722 940 1782 1320.
973 1718 1059 1782 Idem
1085 1718 1264 1782 vocabulum
1288 1718 1360 1780 olim

282 1831 401 1895 reddidi
433 1830 576 1914 Sophocli
608 1829 644 1895 O.
669 1832 704 1895 O.
739 1833 839 1895 1385:
864 1829 900 1902 θος
925 1839 972 1897 νῦν
998 1831 1110 1912 aaaron
1134 1831 1269 1915 (δῆθεν)
1293 1833 1363 1894 εἰοι-

282 1950 349 2025 ρῶν,
375 1941 423 2008 ὅτ’
448 1946 483 2007 ἑν
503 1943 508 2028 Ι
528 1948 655 2024 τούτῷ
678 1945 813 2021 βεβηκὼς
836 1944 998 2024 τυγχάνεις
1022 1951 1148 2010 κυκῶν
1168 1945 1246 2022 ἕμοθ,
1263 1943 1363 2007 deleto

284 2057 444 2121 manifesto
476 2057 654 2120 emblemate
685 2058 776 2138 τόνῳ,
808 2058 891 2140 quod
921 2058 992 2121 libri
1024 2056 1137 2121 babent
1168 2065 1235 2140 post
1258 2055 1299 2122 ὅτ’
1324 2058 1362 2120 ε’ν.

284 2172 333 2234 Sic
369 2169 464 2234 Cobet
504 2170 609 2233 Helen.
649 2173 685 2232 al
725 2172 907 2254 proposuit:
944 2173 1031 2236 οὶετοῦ
1058 2169 1064 2256 l
1091 2171 1210 2246 δίωγμοι
1244 2169 1363 2251 φεύγων

79 2346 83 2351 .
200 2358 202 2361 ,
284 2285 434 2368 (δῆθεν),
467 2285 490 2346 εἰ
513 2286 613 2362 ταφῆς
636 2285 742 2365 λόγος,
767 2284 884 2347 abiecta
910 2281 990 2356 οὗτος
1013 2292 1082 2367 post
1105 2284 1214 2362 σοφῆς.
1255 2282 1362 2344 Eidem

283 2397 449 2480 particulae
481 2397 529 2459 vix
560 2397 646 2460 locus
677 2405 723 2460 est
752 2399 783 2460 in
816 2396 921 2479 fragm.
954 2399 1036 2471 899,
1067 2395 1149 2479 quod
1180 2418 1196 2456 e
1228 2393 1364 2457 Nauokii

284 2510 457 2573 coniectura
480 2510 523 2572 sic
548 2509 644 2572 edidit
669 2509 863 2573 Dindorfius:
888 2511 995 2589 ὤφειλε
1018 2509 1124 2581 δῆθεν
1148 2507 1226 2586 εἴπεο
1250 2506 1310 2571 ἔστ’
1335 2511 1363 2570 ἐν

283 2621 414 2710 οὐοοινῷΙ
440 2623 530 2699 Ζεύς,
563 2625 605 2699 μῆ
639 2625 702 2687 τὸν
738 2625 852 2688 ωὐτδν
887 2623 1062 2701 δυστυχῆ
1096 2621 1362 2697 κωθεοτοὲνωι;

283 2735 341 2798 Sed
374 2757 467 2819 quum
499 2735 570 2799 libri
600 2736 730 2799 habeant
754 2744 1046 2802 ΩΦΘΙΛΘΝΗΔΘΝ
1070 2756 1130 2798 non
1155 2734 1262 2797 dubito
1287 2735 1362 2816 quin

282 2839 347 2927 ff
369 2854 409 2916 sit
433 2853 639 2936 dittograpbia
663 2860 769 2916 notum
794 2875 828 2916 ex
852 2840 945 2923 emm,
972 2862 1001 2917 et
1017 2854 1243 2938 reponendum,
1261 2853 1361 2935 quod,

285 2965 343 3028 nisi
372 2965 474 3040 fallor,
499 2965 556 3028 iam
582 2965 741 3049 proposuit
765 2964 879 3031 Cobet:
906 2967 1045 3047 ὤφειλεν,
1070 2966 1148 3045 εἴπερ
1172 2968 1275 3051 (ἐτεὸν)
1301 2967 1363 3031 ἔστ’

284 3081 313 3143 ἕν
336 3081 439 3158 οὐοοινῷ
461 3079 466 3166 Ι
488 3080 568 3149 Ζεύς.
593 3078 794 3162 Sequentium
813 3080 927 3144 incerta
948 3082 1093 3145 correctio
1110 3089 1172 3159 est;
1188 3081 1267 3144 nihil
1284 3083 1363 3146 enim

286 3191 407 3274 expedit
439 3213 492 3274 pro
523 3188 610 3255 οιύτθν
641 3212 709 3254 cum
744 3189 954 3255 Heimsoethio
986 3215 1129 3276 reponere
1153 3191 1267 3272 εὀθλθν,
1292 3201 1362 3268 aut,

286 3303 434 3386 suspicari
457 3303 603 3366 excidisse
627 3303 688 3384 (vel
709 3303 746 3365 ab
763 3304 960 3388 Athenagora
976 3304 1050 3368 haec
1065 3305 1176 3368 citante
1192 3304 1364 3387 neglectum

287 3417 365 3500 esse)
389 3416 512 3478 tertium
538 3438 596 3491 vs,
622 3417 710 3480 cuius
735 3419 832 3502 prima
854 3417 945 3482 verba
964 3419 1079 3481 fuerint
1094 3416 1268 3497 ἄνθρωπον
1290 3420 1363 3501 θείς

286 3528 311 3590 si
336 3527 458 3612 quidem
479 3536 609 3610 utroque
625 3529 716 3591 modo
733 3530 880 3593 soloecam
899 3528 1045 3593 habemus
1061 3531 1242 3614 scripturam
1258 3532 1365 3612 ὤφειλε

286 3663 356 3704 oum
381 3642 492 3704 Aecus.
517 3663 542 3704 c.
567 3642 626 3706 Inf.
651 3664 705 3725 pro
730 3641 936 3706 Nominativo.
973 3643 1167 3728 Quapropter
1189 3667 1302 3723 vereor,
1327 3667 1365 3709 ne

288 3755 499 3838 Athenagoras·
521 3755 649 3818 alterum
676 3777 717 3818 vs.
744 3778 779 3818 ex
804 3766 888 3840 parte
913 3757 1085 3822 confuderit
1105 3781 1173 3822 cum
1190 3759 1282 3824 simili
1297 3761 1365 3823 loco

287 3867 401 3930 Phoen.
435 3873 476 3931 83
498 3891 558 3951 sq.,
590 3876 621 3930 et
643 3877 733 3951 poeta
756 3870 840 3933 aliud
864 3870 913 3933 hic
938 3871 1073 3948 dederit,
1099 3873 1199 3936 velut:
1223 3874 1364 3954 ὤφειλεν,

286 3978 364 4058 alares
384 3981 461 4046 ἐτεὸν
484 3981 545 4045 ἔστ’
568 3985 597 4045 ἐν
620 3984 741 4064 οθοοινῷ,
763 3982 769 4069 Ι
789 3984 861 4054 Ζεὺς
885 3986 927 4059 μῆ
949 3985 997 4048 τὸν
1021 3985 1107 4049 ωθτθν
1131 3987 1263 4065 δυστυχῆ
1288 3988 1365 4050 κτί-

285 4093 361 4173 ζειν
383 4095 453 4158 olel.

333 4209 408 4270 659.
434 4207 655 4287 τοοσοὲξομοοι
676 4210 771 4273 forma
786 4211 900 4290 media,
916 4222 951 4276 ut
967 4235 1014 4298 ap.
1031 4210 1173 4298 Sophool.
1190 4210 1227 4278 O.
1239 4211 1273 4278 Τ.
1294 4215 1363 4276 131.

333 4322 407 4385 661.
431 4322 566 4403 apinae,
583 4345 623 4386 so.
639 4323 753 4400 θνομοι.
778 4323 824 4387 Of.
845 4328 919 4402 800,
940 4326 1008 4390 Hel.
1029 4329 1123 4390 1209.
1138 4325 1207 4410 Iph.
1220 4328 1256 4392 A.
1273 4329 1366 4390 1321.
