3112 4914
618 392 871 438 conunnraarus.
1231 373 1292 438 157

207 588 325 673 placere
346 587 434 651 video
458 587 685 667 δοκούντων,
704 587 753 652 cll.
777 587 853 651 Hec.
880 589 944 650 294
968 595 999 651 et
1021 585 1132 650 Troad.
1159 589 1239 664 612,
1258 594 1293 651 ut

206 701 351 778 λογίων
374 725 415 764 τε
439 708 619 785 corruptum
643 703 684 764 sit
705 723 741 764 ex
760 701 845 765 illius
865 701 1047 784 glossemate
1066 702 1294 779 ἐλλογίμων.

208 813 268 877 Sed
304 815 377 877 satis
408 812 609 897 probabiliter
640 813 799 877 emendare
829 835 890 876 non
922 834 1002 896 queo
1036 834 1114 895 quae
1137 814 1203 876 sine
1227 813 1293 876 vitii

207 925 381 1008 suspicione
417 904 665 1020 deprauatissima
700 933 874 1009 sequuntur
909 925 1106 1007 φρουρήσομαι
1143 925 1293 1004 ψήφοισιν.

207 1036 285 1102 Nam
323 1036 398 1122 quid
434 1038 474 1100 sit
508 1038 744 1114 custodire,
777 1044 831 1100 aut
861 1037 1082 1126 observare
1114 1037 1294 1120 aliquem

207 1151 411 1237 suffragiis
425 1152 553 1217 candide
565 1152 663 1216 fateor
676 1174 722 1216 me
733 1173 858 1236 prorsus
868 1174 929 1215 non
939 1152 1125 1236 intellegere.
1139 1151 1294 1216 Hermann

207 1267 310 1329 nescio
333 1265 408 1350 quid
433 1267 565 1330 somniat
581 1267 619 1330 de
639 1267 887 1341 ostracismo,
906 1265 1021 1350 dequo
1044 1273 1135 1350 poeta
1154 1263 1210 1330 ote*
1228 1264 1293 1344 ὅνοιρ

207 1380 357 1464 cogitasse
388 1379 516 1444 ridetur.
558 1380 625 1444 Hoc
651 1403 747 1444 unum
771 1380 873 1443 videre
897 1380 973 1444 mihi
998 1380 1115 1456 videor,
1141 1380 1292 1464 virgulam

207 1491 380 1576 ponendam
405 1514 470 1555 essa
494 1492 575 1556 inter
597 1491 685 1557 πλέον
707 1502 738 1556 et
761 1493 976 1575 Φρουρὴσοιιιοι,
996 1491 1106 1556 deinde
1123 1515 1178 1576 pro
1194 1490 1294 1555 uerbis

208 1605 360 1689 corruptis
376 1604 420 1686 (id
439 1605 520 1668 euim
536 1604 649 1669 docent
665 1606 730 1690 ipsa
746 1606 918 1688 sequentia)
936 1605 1085 1690 scriptum
1101 1605 1195 1669 fuisse
1211 1604 1294 1690 qnod

207 1740 347 1802 magnam
381 1725 545 1782 testaretur
572 1718 782 1795 inimicitiam,
811 1716 895 1781 velut
917 1707 1105 1800 φθορήσοριιιι
1128 1718 1292 1796 βουλαῖσιν.

207 1830 341 1915 Requiro
365 1833 446 1895 enim
470 1831 683 1896 huiuscemodi
705 1832 904 1895 sententiam:
930 1831 1063 1896 Eorum
1085 1843 1213 1896 contra
1229 1833 1295 1916 qui

208 1943 318 2008 verba
348 1945 495 2008 faciunt
525 1946 561 2009 in
594 1945 823 2008 comitiis·et
853 1967 924 2008 rem
955 1942 1145 2030 publicam
1175 1967 1293 2030 capes·

208 2067 312 2135 sunt,
338 2059 368 2120 si
392 2057 439 2121 ad
463 2059 649 2122 maiorem
673 2062 776 2141 (qnam
794 2060 869 2144 ipsi)
893 2057 1142 2143 dignitatem
1165 2081 1295 2123 ascen·

207 2171 318 2250 dero,
342 2172 488 2256 perdar
511 2173 705 2236 consiliis
729 2171 988 2256 insidiisque.
1012 2171 1048 2235 Io
1064 2171 1243 2257 distinguit:
1266 2174 1294 2236 A

208 2287 381 2363 tenuiores,
406 2285 433 2349 B
457 2287 660 2369 potentiores,
687 2308 816 2370 quorum
841 2287 952 2351 iterum
970 2287 1032 2351 duo
1048 2309 1158 2371 genera
1174 2289 1293 2370 posuit:
1403 2333 1405 2338 -

208 2398 253 2462 Ba
283 2399 337 2483 qui
360 2421 417 2463 nec
441 2399 532 2463 rerba
554 2399 668 2463 faciant
690 2421 746 2463 nec
762 2406 901 2463 'tractent
924 2398 1142 2484 rempublicam
1168 2400 1205 2482 (oi
1228 2400 1295 2465 οὔτε

207 2512 342 2591 λέγοντες
365 2513 433 2578 οὔτε
456 2513 648 2599 πράσσοντες)
673 2522 703 2577 et
726 2511 774 2576 Bb
798 2514 850 2598 qui
875 2514 989 2577 faciant
1012 2523 1187 2598 utrumque.

254 2630 327 2690 603.
362 2625 458 2692 οὕτω
493 2664 537 2697 -,
571 2628 664 2692 τάδε
695 2665 739 2675 -
771 2634 903 2709 φιλεῖ,
928 2627 992 2692 soil.
1020 2628 1173 2705 γίγνεσθον
1199 2628 1295 2713 (quod

208 2742 329 2826 saepius
354 2739 492 2818 additur,
519 2739 603 2804 velut
626 2741 723 2804 Thuc.
748 2740 810 2817 III,
835 2741 909 2826 81),
934 2741 1065 2805 formula
1088 2750 1134 2806 est
1158 2741 1294 2826 elliptica

208 2852 282 2915 satis
307 2853 448 2934 frequens
470 2852 550 2936 apud
568 2874 671 2936 prosae
684 2873 806 2936 quoque
819 2855 990 2938 scriptores.
1011 2862 1108 2919 Φιλεῖν
1120 2856 1295 2938 saepissime

208 2966 306 3029 Attici
329 2988 434 3028 omnes
458 2987 513 3048 pro
536 2965 668 3030 εἷοθένοοι.
693 2965 739 3029 Ex
757 2975 861 3030 nostro
878 2969 914 3033 cf.
934 2967 1014 3031 Med.
1033 2971 1086 3044 48,
1105 2968 1199 3053 Hipp.
1220 2973 1293 3044 161,

210 3079 305 3142 anas.
320 3079 398 3156 ars,
410 3077 519 3163 suppl.
534 3083 608 3163 ars,
621 3080 691 3163 Iph.
709 3083 747 3144 n.
759 3060 837 3158 aar,
853 3081 973 3156 aaran.
991 3085 1062 3159 ιιι,
1080 3082 1126 3146 nr.
1141 3087 1294 3160 caraea

255 3194 317 3255 605
336 3215 381 3275 sq.
407 3191 499 3256 babet
523 3190 606 3258 Stob.
631 3193 710 3258 Flor.
734 3197 792 3272 45,
818 3199 848 3258 4.

255 3308 329 3370 607.
354 3307 481 3382 ἔπηλυς,
505 3306 670 3370 formatum
697 3310 877 3381 utebantur
901 3315 931 3371 et
954 3308 1062 3382 νὲνλυς.
1097 3309 1143 3371 Dc
1167 3309 1214 3372 his
1238 3309 1295 3372 for-

199 3419 267 3482 ·mis
299 3418 368 3482 vide
397 3442 476 3503 quaa
500 3419 655 3504 disputavi
678 3419 767 3484 Stud.
792 3419 890 3484 Thuc.
915 3444 984 3506 pag.
1013 3425 1085 3498 lla,
1112 3419 1164 3496 ubi
1187 3422 1297 3497 ἔπηλυν

210 3531 328 3614 (nescio
353 3554 415 3615 quo
438 3555 536 3596 errore
561 3533 708 3617 scriptum
733 3541 779 3596 est
801 3535 948 3619 ἐπήλυδος)
978 3535 1099 3598 restitui
1123 3534 1296 3619 Thucydidi
1362 3613 1365 3620 Ι

210 3645 235 3724 Ι,
263 3650 292 3722 0,
317 3657 473 3730 receptum
498 3669 515 3709 a
538 3647 705 3710 novissimo
730 3647 845 3711 editore
869 3647 1004 3732 Stablio,
1028 3671 1083 3733 pro
1107 3648 1265 3723 ἐπκλύτνν.

255 3762 329 3824 600.
345 3745 628 3839 ‘uariaretur
652 3761 701 3824 bic
724 3762 785 3825 fere
811 3793 846 3814 =
871 3764 1077 3842 ἀποτυχοῦσιν.

255 3877 330 3936 610.
356 3881 515 3953 πικρῶς,
541 3875 552 3936 i
585 3897 609 3938 e.
639 3875 769 3958 βοιρέιος,
796 3883 951 3955 χοολεπῶς.
975 3875 1021 3941 Gi.
1046 3875 1194 3941 Androm.
1223 3879 1295 3940 189.

256 3989 331 4051 613.
367 3986 481 4051 Vereor
513 4009 550 4051 ne
581 3988 632 4051 hic
662 3994 766 4068 πικρῶς
797 3987 956 4054 librarium
988 4011 1087 4053 errore
1119 4013 1134 4052 a
1165 4012 1206 4054 vs.
1232 3992 1295 4053 610

210 4100 380 4183 irrepserit,
415 4110 469 4164 aut
491 4100 668 4186 suppletum
694 4103 735 4165 sit
758 4101 796 4166 de
819 4102 988 4180 industria,
1012 4109 1176 4186 postquam
1199 4124 1297 4186 prono

153 4192 156 4197 ¹
210 4234 309 4275 errore
334 4220 403 4276 ante
430 4214 471 4277 cd
494 4213 631 4298 elapsum
655 4214 748 4279 fuerit
771 4217 968 4301 participium
991 4216 1078 4294 ὄντοι,
1105 4224 1141 4280 ut
1165 4218 1203 4280 sit
1228 4239 1297 4281 sen·
1337 4240 1346 4253 ·

210 4325 324 4388 tantia:
357 4324 422 4389 illa
452 4334 571 4390 autem
602 4328 715 4411 prolis
740 4351 866 4413 expers
890 4330 985 4413 quod
1011 4342 1052 4394 tu
1075 4352 1168 4394 ames
1194 4332 1296 4413 (tuum
