3112 4914
278 350 341 413 184
692 368 945 415 conuuursurus.

274 562 460 647 Thamyride
485 524 565 646 apud
590 562 672 626 Plut.
693 562 771 626 Mor.
792 544 821 646 p.
843 565 906 627 455
929 562 957 625 D
978 563 1029 647 (fr.
1052 566 1115 628 333
1129 565 1160 648 a)
1176 565 1280 644 Ιόνργνὺς
1292 589 1364 646 χρυ·

276 677 389 742 σόδετον
412 676 544 756 κέρας,
563 675 686 755 Ιρηγνὺς
709 676 846 755 οἱρμονίαν
869 677 1033 757 χορδοτόνου
1056 677 1164 758 λύρας,
1187 678 1239 742 ubi
1261 680 1364 744 nescio

275 814 313 855 an
345 796 490 875 praestet:
517 792 621 871 dayabc
645 789 697 872 (δ’)
721 791 859 870 ἁρμονίαν
882 793 944 855 κτὲ.
983 791 1080 855 Aliter
1108 781 1170 856 ram
1199 793 1260 876 egit
1284 793 1365 857 Bad-

275 905 360 975 ham,
385 905 473 969 cuius
496 904 587 969 verba
610 902 798 968 adscribam:
824 903 905 982 „Sed
927 905 964 968 de
981 905 1038 968 hac
1055 905 1251 991 (Musgravii)
1267 907 1364 972 inter·

275 1020 446 1103 pretatione
469 1019 663 1083 vehementer
686 1017 814 1084 dubito:
838 1041 907 1083 uam
932 1020 1066 1100 οὶψύχονς
1092 1027 1122 1083 et
1145 1022 1304 1101 ἀγραύλοις
1327 1022 1363 1085 de

275 1132 359 1197 tibiis
383 1134 485 1217 aptius
509 1133 665 1204 dicuntur,
690 1155 766 1216 quas
791 1132 863 1196 alibi
888 1135 1024 1208 dcccdccc
1047 1139 1129 1198 κῶλα
1152 1134 1252 1214 νέβρου
1273 1145 1361 1210 vocat
1389 1133 1391 1136 ’

277 1245 370 1334 [apud
395 1247 476 1312 Plut.
504 1247 582 1312 Mor.
609 1250 693 1310 1104
711 1247 754 1323 D,
780 1246 834 1311 ubi
859 1258 960 1310 tamen
983 1255 1131 1311 recteest
1154 1248 1275 1324 αὐλούς,
1302 1273 1362 1313 non

274 1362 398 1445 κέρατα]
423 1370 453 1424 et
476 1364 504 1425 ἕν
526 1361 557 1425 in
582 1360 729 1441 ὑπολύριον
752 1383 812 1424 non
838 1360 920 1424 cadit
947 1358 988 1448 [at
1013 1360 1095 1424 cadit
1119 1363 1150 1425 in
1173 1363 1284 1440 κέρατα
1311 1386 1364 1446 per

275 1474 485 1560 synecdochen
510 1474 592 1538 dicta
617 1497 670 1558 pro
694 1476 760 1559 ipsa
784 1475 865 1559 lyra,
891 1476 979 1538 cuius
1004 1474 1127 1539 brachia
1152 1485 1224 1539 suut
1249 1478 1360 1559 praeci·

276 1590 329 1675 pui
360 1590 457 1673 finesl.
500 1588 652 1668 Quocirca
683 1589 712 1660 ός
746 1591 773 1653 τ’
806 1596 836 1652 et
867 1590 955 1669 οξχεῒς
981 1588 1131 1654 conieci.'’
1166 1589 1267 1669 Quam
1292 1613 1364 1654 con·

275 1703 421 1767 iecturam
445 1702 488 1780 ἕν,
515 1703 623 1779 credo,
650 1705 760 1767 ἐκτενεῖ
780 1702 856 1775 ἔτος.
881 1702 1018 1767 Latonae
1043 1704 1123 1767 enim
1144 1703 1226 1768 filius
1247 1705 1364 1769 citha-
1400 1755 1401 1758 ,

276 1817 424 1882 roedus
458 1825 521 1893 est,
558 1839 619 1881 non
655 1817 824 1882 tibicen.
867 1816 994 1902 Cogita,
1028 1818 1136 1893 velim,
1163 1818 1299 1883 fabulam
1325 1819 1361 1882 de

275 1931 407 2016 Marsya.
443 1931 584 1995 Ceterum
610 1940 739 1995 metrum
765 1931 970 2016 postulat-
994 1930 1160 2012 κερόεσσα,
1185 1933 1268 2016 quod
1292 1956 1363 1997 con·

275 2047 347 2109 iecit
370 2046 510 2131 Madvig,
535 2046 625 2109 simul
649 2047 725 2110 citra
747 2047 957 2110 necessitatem
983 2048 1141 2130 requirens
1164 2047 1323 2128 ἄγραυλος.

322 2162 395 2224 884.
419 2161 593 2240 εὐαχήτους.
618 2158 666 2225 Of.
696 2161 787 2244 Hipp.
820 2160 913 2224 late.
940 2159 1023 2224 Alibi
1048 2170 1094 2224 est
1119 2164 1239 2241 εὐυλίόο.

325 2276 397 2338 385.
421 2275 511 2354 πρὸς
534 2274 637 2338 τόνδ’
660 2275 804 2352 αὐγοόν,
829 2275 873 2337 ad
895 2274 995 2339 hanc
1016 2274 1143 2340 lucem.
1166 2276 1247 2341 Med.
1265 2280 1364 2360 56sq.

278 2385 371 2466 ἵμερος
402 2388 552 2464 μούτῆλόε
581 2398 629 2467 γῇ
661 2412 702 2451 τε
724 2389 892 2467 κούροόνῳ
914 2388 1028 2463 λέξαι
1051 2391 1179 2471 μολούσρ
1202 2391 1278 2470 δεῦρο
1301 2401 1366 2465 Μν-

281 2501 358 2572 δείας
388 2501 506 2581 τύχας,
539 2500 593 2565 ubi
625 2501 693 2564 vide
716 2501 800 2564 locos
824 2501 964 2565 laudatos
988 2501 1026 2565 ab
1051 2502 1206 2567 Elmsleio.
1242 2504 1366 2568 Adscri-

280 2613 368 2690 bam,
402 2615 475 2698 quia
503 2615 653 2699 imprimis
686 2614 746 2678 huc
777 2615 912 2691 faciunt,
944 2614 1099 2679 Ciceronis
1124 2615 1214 2680 verba
1237 2617 1364 2682 Tuscul.

279 2728 341 2806 III,
380 2731 437 2792 26:
474 2728 574 2792 sunt
605 2736 708 2793 autem
741 2767 783 2776 —
816 2749 918 2812 quos
954 2730 992 2793 in
1024 2730 1139 2794 luctu
1171 2753 1255 2795 cum
1279 2732 1366 2816 ipsa

279 2843 514 2907 solitudine
536 2843 653 2927 loqui
678 2865 768 2929 saepe
794 2843 974 2921 delectat,
997 2851 1032 2907 ut
1055 2844 1109 2908 illa
1130 2845 1212 2929 apud
1229 2844 1365 2910 Ennium

279 2959 400 3022 nutrix:
430 2957 587 3042 Cupido
616 2961 731 3044 oepit
753 2960 939 3023 miseram
964 2981 1072 3024 nunc
1095 2983 1150 3024 me
1174 2960 1365 3045 prolequi

279 3065 393 3135 Caelo
421 3080 532 3155 atque
561 3083 681 3134 terrae
707 3072 853 3136 Medeai
878 3074 1055 3138 miserias.
1080 3111 1125 3122 -
1149 3074 1247 3138 Aliter
1270 3073 1364 3159 Soph.

280 3184 358 3249 Phil.
383 3187 444 3246 581
470 3181 555 3248 aare
576 3185 665 3249 αὐτόν
682 3186 805 3262 λέγειν
821 3188 851 3250 εἷ
858 3210 872 3257 ς
887 3193 961 3267 Φῶς
977 3184 990 3251 ό
1007 3185 1094 3263 λέξεο.
1119 3186 1165 3252 Ol.
1182 3186 1278 3251 Elect.
1293 3190 1366 3252 640.

327 3297 401 3361 837.
436 3300 566 3378 χρυσῷ
603 3298 757 3377 χαίταν
792 3301 1037 3380 μαρμαίρων.
1086 3298 1142 3363 Est
1177 3301 1254 3363 enim
1291 3300 1366 3364 deus

279 3410 485 3491 χρυσοκόμας,
505 3419 541 3474 ut
562 3419 671 3475 vocant
692 3420 796 3476 noster
813 3412 923 3477 Troad.
946 3416 1010 3477 258
1028 3414 1118 3499 [adde
1134 3415 1203 3498 Iph.
1220 3415 1254 3479 Τ.
1273 3418 1366 3490 1236,

280 3523 387 3609 Suppl.
411 3526 490 3609 975]
522 3525 678 3610 Aristoph.
704 3531 761 3589 Av.
788 3529 862 3590 alc.
901 3527 984 3591 Male
1007 3527 1164 3592 Brodaeus
1188 3529 1365 3612 interpreta-

277 3647 330 3702 tur
360 3638 398 3702 de
428 3636 523 3702 fibula
554 3661 645 3702 aurea
676 3661 777 3703 comas
811 3642 999 3706 revincienti.
1036 3641 1160 3705 Musca.
1207 3642 1237 3704 A
1264 3642 1366 3727 lyricis

282 3762 407 3816 vocatur
436 3753 725 3834 χρυσοχαότνς.
762 3752 898 3819 Verbum
928 3756 1048 3839 epicum
1072 3757 1247 3837 μαρμαίρειν
1271 3757 1367 3840 (unde

281 3867 449 3953 μόρμαρος)
477 3876 631 3954 praeterea
658 3851 772 3953 legitur
797 3870 912 3935 desub·
928 3869 1011 3956 Sept.
1039 3873 1114 3947 383,
1141 3871 1213 3935 Eur.
1238 3873 1305 3957 Ipb.
1330 3873 1366 3936 A.

286 3985 379 4046 1154.
422 3981 469 4046 Of.
502 3983 581 4046 infra
608 3986 701 4049 1427.
736 3986 892 4061 Ὀλύμπου
918 3985 1232 4065 μαρμαρόεσσαν
1255 3983 1368 4063 αἴγλαν

282 4098 441 4180 magnifiee
465 4097 543 4160 dixit
567 4097 734 4181 Sophocles
758 4099 865 4181 Antig.
892 4100 965 4162 610.

329 4215 391 4274 889
410 4232 453 4294 sq.
490 4212 669 4276 Postulante
701 4221 798 4276 metro
832 4235 889 4276 vss.
921 4212 1146 4297 strophicorum
1178 4214 1367 4297 transposuit

288 4326 448 4410 Hartung,
478 4349 569 4411 quem
593 4335 717 4391 secutus
742 4325 832 4390 simul
857 4326 967 4391 admisi
989 4326 1157 4412 Masgravii
1181 4327 1369 4393 emendatio-
