3112 4914
273 379 334 440 116
688 397 944 443 communiamus.

315 589 390 650 ³04.
420 586 575 664 εὐνοίροατα
599 589 704 672 scripsi
734 610 788 672 pro
811 590 976 666 εὐνήματα.
1013 585 1092 652 Nam
1117 588 1176 651 hoc
1201 589 1356 672 postulare

270 700 392 765 videtur
415 724 511 766 sermo
536 703 736 785 tragicorum,
765 704 818 785 qui
843 702 975 765 dixerint
999 703 1142 780 εὐνοίτωρ,
1172 704 1355 781 εὐνατήριον,

270 815 453 894 θοινατήριον,
487 814 639 897 ίοινοίτωρ,
672 813 873 894 σννίοινοίτοορ,
902 814 1086 890 ίοινοίσοροοιι,
1111 815 1271 894 ποινοίτιορ,
1297 839 1356 879 ποι-

270 929 452 1005 νασίμεσία,
478 929 643 1008 πόρπασον,
669 929 832 1010 πόρπαροα,
858 951 935 1014 quae
960 929 1083 1012 collegit
1108 928 1217 993 Nauck
1245 929 1352 1012 Eurip.
1445 1003 1448 1008 ¹

270 1041 358 1107 Stud.
382 1041 419 1105 ed
444 1041 534 1106 Rhes.
561 1046 633 1108 515.
659 1042 705 1106 Of.
730 1065 822 1126 supra
844 1042 881 1106 ad
909 1045 982 1107 296.

317 1158 380 1219 309
399 1179 442 1240 sq.
470 1156 543 1220 Erat
570 1156 606 1219 Io
633 1157 803 1239 ἱερόδουλοι,
828 1179 959 1242 quorum
983 1157 1097 1241 duplex
1123 1157 1173 1220 hic
1196 1179 1291 1241 genus
1309 1156 1354 1219 di-

269 1270 445 1354 stinguitur,
472 1270 595 1332 donaria
620 1271 751 1333 civitatis
777 1271 916 1346 alicuius,
939 1271 1026 1333 cuius
1042 1271 1162 1355 generis
1178 1270 1350 1355 exemplum

269 1383 415 1447 babemus
438 1382 639 1456 Phoenissae,
664 1382 805 1462 οίκροίίνια
828 1382 942 1459 Λοξίου,
968 1385 998 1446 iu
1024 1384 1204 1466 cognomine
1228 1383 1352 1458 fabula,

268 1508 299 1561 et
330 1498 351 1561 ii
384 1498 437 1581 qui
469 1519 484 1560 e
515 1497 621 1580 templi
653 1497 795 1591 Delphici
818 1496 969 1560 reditibus
993 1497 1087 1581 empti
1113 1506 1206 1561 erant.
1248 1497 1293 1560 De
1316 1498 1353 1561 iis

269 1610 405 1674 videatur
435 1631 528 1689 urar,
560 1614 608 1674 die
640 1613 825 1675 Hierodulcn
853 1613 906 1675 mit
931 1615 1077 1694 Βαίοροιο
1099 1634 1156 1675 von
1182 1613 1271 1676 Rota
1293 1616 1355 1675 ιιιοιί

266 1727 446 1801 Buttmann,
470 1722 573 1787 Berlin
600 1725 694 1786 1818.
712 1722 757 1786 Of.
775 1742 881 1785 curun
894 1723 1047 1788 Acccdcta
1060 1725 1219 1808 Delphica,
1237 1724 1349 1787 Berlini

270 1841 373 1914 1843,
395 1837 440 1901 vel
465 1841 665 1922 Ιιοεονίρίίοαε
691 1839 858 1902 νοοαοίίίίοο
882 1861 901 1902 ο
924 1840 1055 1923 Delphos
1072 1850 1136 1924 por
1152 1840 1183 1903 0.
1208 1840 1350 1904 Wcaohcr

267 1957 295 2015 οί
324 1953 357 2016 P.
388 1953 539 2027 Fouccrt,
572 1950 656 2014 Paris
689 1953 792 2026 1863,
824 1952 878 2034 qui
910 1952 995 2015 tituli
1019 1952 1131 2015 docent
1156 1974 1257 2015 servos
1283 1975 1354 2036 pro-,

265 2064 350 2127 fanos
382 2065 480 2148 pretio
512 2087 576 2127 sese
609 2063 799 2127 redemturos
829 2087 847 2126 a
879 2063 1011 2128 dominis
1036 2066 1098 2128 suis
1124 2065 1231 2128 solitos
1255 2064 1347 2128 fuisse

266 2176 332 2242 Deo
355 2200 387 2241 se
410 2199 600 2252 consecrare,
631 2177 742 2240 utillo
766 2185 893 2260 patrono
916 2186 1076 2243 uterentur
1099 2201 1134 2242 ac
1157 2177 1295 2254 vindice,
1322 2179 1347 2240 si

266 2291 499 2355 manumissores
522 2290 612 2354 fidem
638 2289 819 2366 violassent,
844 2292 887 2354 ia
910 2300 1011 2355 tamen
1036 2315 1067 2354 se
1091 2313 1293 2367 consecrasse,
1313 2299 1347 2354 ut

233 2396 237 2402 ’
265 2404 386 2469 disertis
410 2403 509 2468 verbis
527 2411 683 2480 caverent,
702 2426 740 2466 ne
752 2405 859 2467 fierent
870 2402 1028 2482 ἱερόδουλοι.
1053 2402 1156 2483 Quare
1168 2406 1198 2468 in
1213 2414 1347 2468 contrac-

206 2511 209 2516 ’
265 2516 349 2581 tibus
373 2511 444 2580 addi
468 2518 544 2581 solet
566 2517 712 2581 formula:
738 2517 907 2597 οίποπρίχων
930 2513 969 2588 οίς
989 2542 1029 2581 κα
1049 2496 1183 2598 ίέιιρρνεί
1199 2519 1344 2588 οίιιεοιίσας

266 2632 392 2715 (-οντας)
405 2624 434 2693 εἷ
445 2653 485 2691 κα
496 2631 610 2693 θέλοντι
623 2629 671 2692 καί
684 2630 825 2710 ἑρπούσας
838 2630 966 2715 (οντας)
978 2626 1016 2703 οἶς
1029 2655 1069 2694 κα
1081 2630 1209 2707 ίέλιοντι,
1228 2631 1347 2695 similia.

309 2745 373 2805 313
397 2744 438 2818 μὴ
461 2742 553 2807 atttt'.
579 2741 625 2804 (li.
649 2744 691 2820 μὴ
714 2739 814 2807 εἰδόσιν
838 2741 931 2827 Sopb.
956 2745 1030 2807 Ant.
1056 2746 1115 2819 33,
1140 2742 1177 2807 O.
1194 2742 1228 2808 G.
1252 2746 1345 2820 1155,

264 2856 306 2932 μὴ
328 2855 430 2919 εἰδέναι
454 2854 524 2917 Hel.
549 2857 624 2930 928,
649 2854 741 2939 Soph.
767 2856 840 2921 Ant.
866 2858 944 2933 535,
969 2856 1075 2921 Tracb.
1101 2859 1163 2919 320
1189 2864 1259 2920 cett.

310 2971 382 3031 315.
407 2969 455 3030 An
479 2967 641 3052 legendum
667 2969 848 3048 ἁπανταχοῦ
871 2993 919 3046 μοι
943 2951 1037 3048 δῶμῬ
1071 2968 1235 3052 Vulgatam
1262 2977 1343 3033 certe

265 3103 327 3145 non
363 3080 528 3145 admodum
561 3081 710 3165 intelligo.
748 3081 869 3148 Muses
908 3084 973 3146 Aut
996 3083 1053 3146 hoc
1078 3105 1179 3146 verum
1206 3091 1268 3162 est,
1292 3091 1346 3146 aut

263 3194 345 3259 ἅπαν
376 3195 415 3260 τὸ
447 3196 547 3273 θεοῦ,
581 3195 663 3278 quod
697 3197 756 3259 iam
788 3195 956 3260 Seidlerum
994 3196 1082 3260 video
1106 3181 1278 3261 coniecisse.
1301 3234 1346 3245 -

261 3308 346 3389 λοίβρ
376 3307 409 3384 μ’
434 3307 529 3379 ὕπνος.
572 3308 723 3373 Graecum
756 3317 801 3372 est
836 3317 890 3373 aut
925 3307 1009 3382 ὕπνος
1043 3334 1083 3385 με
1112 3308 1263 3384 λαμβάνει
1292 3316 1345 3372 aut

262 3417 348 3484 ίίπνον
371 3422 540 3500 λαγχάνον,
563 3443 626 3485 non
650 3419 734 3499 ὕπνον
758 3420 919 3498 raptatae.

307 3536 379 3597 316.
411 3543 504 3607 παῖς
527 3573 571 3583 -
594 3536 753 3607 νεανίας
777 3572 821 3584 —-
843 3535 999 3617 βρέφος.
1036 3536 1160 3599 Aetates
1192 3535 1340 3599 humanas

259 3646 303 3710 ita
334 3647 497 3732 distinguit
528 3647 712 3711 Plutarchus
745 3648 821 3713 Mor.
848 3671 875 3732 p.
901 3651 964 3712 392
988 3646 1031 3712 C:
1051 3648 1192 3728 ἔμβρυον,
1214 3648 1341 3730 βρέφος,

259 3767 346 3839 παῖς,
381 3760 541 3842 μειροίιιιον,
574 3763 735 3842 νεανίσκος,
769 3763 856 3844 οίνήρ,
881 3749 1067 3840 πρεσβύτης,
1091 3762 1189 3842 γέρων.
1230 3761 1342 3844 Hippo-

258 3882 355 3936 crates
378 3895 425 3958 ap
448 3873 609 3937 Philonem
634 3874 670 3937 de
696 3875 768 3958 opis.
792 3875 899 3939 mundi
924 3899 952 3959 p.
973 3879 1032 3938 26:
1058 3874 1225 3954 πρεσβύτης
1246 3871 1342 3952 δ’ίιχρι

259 3987 454 4070 [πεντήκοντα
477 3984 511 4061 ἕξ
533 3986 613 4071 dele]
638 3989 677 4057 εἷς
697 3989 738 4051 τίι
760 3987 882 4058 ἑπτοίιιις
901 3988 991 4060 dard,
1012 3988 1044 4050 τὸ
1064 3986 1088 4050 δ’
1101 3987 1227 4051 ἐντεῦθεν
1242 3985 1340 4066 γέρων,

258 4097 311 4161 ubi
335 4101 515 4182 quantocius
540 4108 734 4184 expungatur
756 4099 921 4164 ridiculum
946 4098 1108 4178 emblema,
1132 4099 1284 4162 adiectum
1303 4095 1341 4158 ab

256 4211 380 4275 bomine
404 4191 588 4276 calculorum
608 4214 790 4297 peritissimo
808 4213 933 4277 scilicet.
959 4211 1100 4276 Ceterum
1119 4211 1176 4274 hoc
1193 4217 1238 4273 est
1250 4208 1340 4293 longe

255 4321 444 4408 probabilius
477 4348 568 4408 quam
600 4326 682 4409 quod
714 4325 826 4389 Pollux
857 4324 891 4387 ΙΙ
922 4326 939 4408 d
968 4329 988 4387 4
1017 4325 1184 4389 seeundum
1209 4321 1338 4385 eundem
