3112 4914
620 415 872 459 conuunraarus.
1225 394 1287 460 137

203 610 330 686 μητοὲτοο
355 610 426 681 Ζεὺς
450 618 558 686 σεμνῆς
581 612 613 674 ἐκ
632 614 783 690 κεφοολῆς,
802 610 951 686 sicheusita
968 608 1070 689 τεύχε’
1087 609 1287 690 ἕχονοοονκτὲ.

207 725 262 806 qui
287 725 416 808 hymnus
440 724 608 788 necessario
633 724 765 808 scriptus
786 733 831 788 est
854 733 923 807 post
939 724 1160 803 Stesichorum,
1177 725 1204 787 si
1221 745 1288 788 vere

204 837 362 900 contendit
386 836 550 901 scholiasta
573 837 609 899 ad
636 836 737 922 apoll.
763 834 862 901 Rhod.
886 836 942 911 IV,
972 840 1055 900 1310
1080 834 1153 921 (ὅτι)
1177 841 1287 915 πρῶτος

205 950 382 1029 Στησίχορος
405 949 462 1030 ἔφη
487 951 538 1014 σὺν
561 957 620 1021 τοῖς
643 947 741 1020 ὅπλοις
765 952 798 1014 ἐκ
820 958 873 1024 τῆς
894 955 944 1014 τοῦ
969 950 1037 1020 Διὸς
1057 956 1192 1028 ueduata
1216 950 1288 1012 alva·

203 1062 329 1141 πνοδῆοοοο
352 1065 403 1135 τὴν
426 1062 559 1136 Ἀθηνᾶν.
591 1062 765 1126 Secundum
784 1062 949 1126 Pindarum
968 1061 1018 1125 01.
1037 1061 1126 1137 VIII,
1145 1064 1185 1123 35
1203 1083 1287 1145 sqq.,

204 1199 295 1260 quem
327 1177 483 1241 Lucienus
516 1177 654 1262 sequitur
686 1177 757 1241 dial.
783 1178 865 1242 deor.
890 1176 981 1256 VIII,
1006 1173 1165 1240 Vulcanus
1190 1175 1288 1238 securi

202 1292 351 1374 percussit
383 1301 475 1375 caput
498 1292 601 1367 Iovis,
627 1293 796 1370 secundum
821 1291 895 1354 alios
919 1290 1082 1354 Palaemon
1109 1289 1225 1371 (Schol.
1249 1288 1287 1353 ad

203 1403 251 1468 Ol.
276 1404 354 1480 VII,
383 1406 448 1490 66).
488 1404 616 1488 Mythus
644 1427 732 1488 saepe
756 1428 773 1467 a
796 1402 950 1467 veteribus
975 1402 1141 1467 artificibus
1163 1403 1195 1465 in
1220 1421 1288 1485 ope·

203 1518 286 1582 ribus
319 1521 381 1581 suis
413 1500 573 1602 expressus
605 1532 660 1582 est.
703 1520 739 1583 In
772 1520 872 1582 fronte
900 1517 1041 1582 orientali
1065 1515 1285 1594 Parmenonis,

202 1638 279 1693 teste
314 1630 466 1694 Pausania
501 1632 532 1694 in
568 1631 698 1707 Atticis,
731 1631 825 1696 ὁπόσοι
849 1634 878 1695 ἐν
902 1638 960 1703 τοῖς
983 1629 1169 1708 catenatam
1192 1631 1287 1701 οὶεοοῖς

202 1751 296 1808 κοῖτον
321 1745 422 1809 πάντα
446 1747 474 1816 ἐς
498 1747 550 1820 τὴν
573 1747 695 1819 Ἀθηνᾶς
719 1744 783 1824 ἔχει
806 1745 927 1822 γένεσιν.
967 1745 1067 1809 Hodie
1097 1751 1214 1829 praeter
1237 1766 1289 1806 ru·

203 1856 271 1919 dem
289 1858 535 1933 delineationem,
554 1880 645 1941 quam
661 1881 741 1922 anno
761 1861 846 1924 1674
863 1859 935 1922 fecit
953 1857 1073 1942 Carrey,
1090 1878 1152 1921 non
1170 1863 1288 1920 exstant

203 1970 264 2032 nisi
288 1993 385 2052 pauca
408 1971 597 2054 fragmenta,
623 1971 737 2056 quibus
761 1972 861 2036 adiuti
878 1972 1081 2056 Archacologi
1098 1971 1198 2034 conati
1215 1976 1289 2034 sunt

203 2083 401 2166 pulcherrimi
426 2085 524 2168 operis
548 2085 712 2168 imaginem
737 2086 891 2168 quandam
914 2085 1040 2150 reddere
1066 2092 1186 2148 nostrae
1210 2088 1288 2146 aeta·

203 2195 242 2257 tis
280 2196 464 2260 hominibus.
499 2195 544 2260 Of.
569 2201 781 2275 coenantihus
806 2219 845 2260 on
869 2218 1005 2278 corner,
1029 2200 1212 2262 Restitutioa
1235 2199 1296 2282 dea·

203 2311 283 2374 deae
298 2310 444 2394 frontone
468 2312 506 2372 da
530 2315 635 2395 temple
658 2314 694 2375 de
717 2312 855 2376 Miserae
879 2335 897 2375 ο
920 2312 1062 2388 Athena,
1087 2311 1286 2386 Parisinus,

203 2442 285 2485 nunu
316 2429 434 2487 ancient
463 2423 595 2501 Athena,
621 2447 690 2510 pag.
716 2428 778 2488 305
797 2448 880 2508 sqq.,
905 2427 957 2488 sed
982 2425 1132 2510 imprimis
1157 2424 1288 2509 praecla-

203 2557 271 2600 rum
306 2558 382 2620 opus
419 2555 607 2614 monentis,
643 2540 699 2602 dos
722 2539 904 2604 Parthenon.
939 2538 1111 2603 Videantur
1134 2545 1287 2623 praeterea

204 2647 332 2713 Pausan.
356 2649 418 2725 III,
446 2653 498 2727 17,
524 2653 543 2713 3
568 2657 599 2714 et
623 2651 766 2716 Philostr.
790 2651 885 2736 Imag.
909 2652 953 2731 II,
977 2655 1029 2728 27,
1056 2676 1084 2737 p.
1109 2655 1182 2716 852.

250 2762 324 2824 457.
355 2762 470 2826 Νίκοο.
508 2762 636 2825 Plenum
661 2785 771 2826 nomen
796 2764 946 2848 reperitur
969 2787 1015 2848 ap.
1039 2763 1131 2848 Soph.
1155 2761 1286 2825 Philoct.

206 2876 269 2936 134
301 2874 377 2948 Νίκη
408 2879 436 2939 τ’
460 2875 571 2940 'Addua
594 2877 722 2960 Πολοοὶς,
748 2877 863 2940 dictum
889 2885 924 2940 ut
947 2877 1087 2942 Ποσειδῶν
1111 2873 1286 2955 Ἐρεχθεύς,

205 2994 276 3057 Ζεὺς
311 2987 523 3065 Λακεδαίμων,
567 2991 634 3054 alia.
681 2991 757 3065 Eius
803 2990 1022 3067 simulacrum,
1066 2991 1154 3054 aliter
1196 3011 1285 3074 quam

206 3099 358 3166 Victoriae
390 3103 538 3186 vulgaria,
574 3085 695 3169 carebat
726 3106 799 3184 alis,
832 3105 914 3169 unde
939 3087 1005 3169 eius
1029 3104 1185 3180 aedicula,
1211 3125 1287 3186 quae

205 3212 356 3297 hodieque
388 3225 486 3278 exstat
518 3216 693 3302 Propylaeis
727 3218 844 3296 vicina,
869 3219 994 3298 οὶοοτὲρον
1018 3218 1110 3289 Νίνος
1134 3217 1288 3288 dicituro

205 3326 364 3392 Pausania.
409 3327 455 3391 Of.
496 3329 716 3413 Harpocratio,
759 3333 813 3414 qui
854 3340 1008 3415 praeterea
1048 3338 1152 3394 narrat
1186 3337 1288 3393 tenere

206 3439 311 3503 dextra
335 3440 448 3503 malum
473 3443 637 3524 punicum,
663 3444 787 3508 sinistra
809 3444 942 3527 galeam,
967 3443 1093 3507 laudato
1120 3443 1287 3506 Hellodoro

206 3555 357 3637 periegeta
391 3557 423 3617 in
458 3556 556 3639 primo
592 3555 669 3620 libro
704 3558 741 3620 de
777 3558 931 3641 Acropoli.
977 3557 1072 3621 Plura
1105 3557 1174 3619 vide
1205 3555 1286 3638 apud

205 3687 234 3728 a.
259 3666 386 3728 nunnoni
410 3668 441 3729 in
466 3666 544 3731 libro
569 3669 622 3751 qui
644 3669 822 3733 inscribitur
850 3667 943 3732 iiber
966 3669 1034 3731 den
1054 3667 1207 3750 Tempel
1224 3665 1290 3728 der

205 3780 480 3844 Athena-Nike
504 3781 620 3866 (Leipa.
641 3785 739 3866 1869)
758 3791 789 3846 et
805 3782 886 3868 apud
902 3801 1031 3846 ornauit
1047 3783 1065 3846 l.
1082 3781 1102 3845 l.
1121 3804 1150 3866 p.
1165 3782 1227 3844 373
1241 3802 1288 3863 sq.

250 3895 327 3954 459.
354 3891 397 3954 Ut
421 3892 468 3955 hic
493 3891 615 3976 Olympi
639 3894 765 3958 thalami
789 3903 1011 3970 memorantur,
1036 3896 1080 3957 ita
1103 3891 1176 3956 alibi
1199 3889 1288 3956 Αἵδον

191 4012 236 4066 .et
267 4004 477 4085 Περσεφονείας
512 4004 584 4070 Hec.
617 4010 701 4083 483,
734 4006 841 4090 Suppl.
877 4011 972 4071 1322.
1002 4005 1048 4070 Of.
1079 4006 1185 4089 Antig.
1215 4008 1288 4069 804.

206 4117 371 4201 Sophocles
396 4117 433 4182 Ο.
457 4118 490 4181 R.
520 4122 578 4182 195
603 4142 684 4183 mare
708 4128 794 4184 vocat
816 4119 949 4195 θοέλοομον
972 4119 1179 4201 'amicitae

251 4233 326 4294 463.
350 4230 507 4294 Himerius
531 4254 576 4315 ap.
600 4232 690 4297 Phot.
716 4255 745 4315 p.
772 4235 852 4297 602:
877 4233 991 4312 Δελφοὶ
1015 4231 1107 4313 talpa,
1125 4232 1187 4313 lapda
1204 4232 1287 4302 πόλις

205 4345 404 4418 Ἀπόλλωνος,
433 4345 602 4423 sarpedone
625 4345 678 4422 μὲν
701 4345 747 4408 atel
770 4347 810 4425 τῷ
834 4347 884 4426 θεῷ
909 4346 957 4409 aul
982 4345 1288 4425 περοχορεύονον
