<?xml version="1.0" encoding="UTF-8"?>
<!DOCTYPE html PUBLIC "-//W3C//DTD XHTML 1.0 Transitional//EN"
    "http://www.w3.org/TR/xhtml1/DTD/xhtml1-transitional.dtd">
<html xmlns="http://www.w3.org/1999/xhtml" xml:lang="en" lang="en">
 <head>
  <title>
</title>
<meta http-equiv="Content-Type" content="text/html;charset=utf-8" />
  <meta name='ocr-system' content='tesseract 3.04.00' />
  <meta name='ocr-capabilities' content='ocr_page ocr_carea ocr_par ocr_line ocrx_word'/>
</head>
<body>
  <div class='ocr_page' id='page_1' title='image "./in00herwgoog_0168.png"; bbox 0 0 3112 4914; ppageno 0'>
   <div class='ocr_carea' id='block_1_1' title="bbox 622 375 1290 450">
    <p class='ocr_par' dir='ltr' id='par_1_1' title="bbox 622 375 1290 450">
     <span class='ocr_line' id='line_1_1' title="bbox 622 375 1290 450; baseline 0.009 -6"><span class='ocrx_word' id='word_1_1' title='bbox 622 401 875 447; x_wconf 81' lang='lat' dir='ltr'><strong>oouuunnsnrus.</strong></span> <span class='ocrx_word' id='word_1_2' title='bbox 1229 375 1290 450; x_wconf 81' lang='lat'>&#39;149</span> 
     </span>
    </p>
   </div>
   <div class='ocr_carea' id='block_1_2' title="bbox 199 595 1338 3290">
    <p class='ocr_par' dir='ltr' id='par_1_2' title="bbox 199 595 1338 3290">
     <span class='ocr_line' id='line_1_2' title="bbox 204 595 1290 690; baseline 0.004 -32"><span class='ocrx_word' id='word_1_3' title='bbox 204 598 286 673; x_wconf 80' lang='lat'><strong>354,</strong></span> <span class='ocrx_word' id='word_1_4' title='bbox 321 596 397 662; x_wconf 85' lang='lat' dir='ltr'><strong>Ach.</strong></span> <span class='ocrx_word' id='word_1_5' title='bbox 430 601 481 660; x_wconf 84' lang='lat'><strong>41.</strong></span> <span class='ocrx_word' id='word_1_6' title='bbox 517 595 699 681; x_wconf 87' lang='lat' dir='ltr'><strong>Intellegere</strong></span> <span class='ocrx_word' id='word_1_7' title='bbox 731 596 876 660; x_wconf 88' lang='lat' dir='ltr'><strong>videntur</strong></span> <span class='ocrx_word' id='word_1_8' title='bbox 909 619 956 662; x_wconf 87' lang='lat' dir='ltr'><strong>vv.</strong></span> <span class='ocrx_word' id='word_1_9' title='bbox 987 598 1054 662; x_wconf 93' lang='lat' dir='ltr'><strong>dd.:</strong></span> <span class='ocrx_word' id='word_1_10' title='bbox 1088 598 1183 690; x_wconf 84' lang='lat' dir='ltr'><strong>haec</strong></span> <span class='ocrx_word' id='word_1_11' title='bbox 1215 598 1290 663; x_wconf 92' lang='lat' dir='ltr'><strong>illa</strong></span> 
     </span>
     <span class='ocr_line' id='line_1_3' title="bbox 203 707 1290 795; baseline 0.003 -22"><span class='ocrx_word' id='word_1_12' title='bbox 203 712 367 774; x_wconf 79' lang='lat' dir='ltr'>occasio</span> <span class='ocrx_word' id='word_1_13' title='bbox 391 719 471 786; x_wconf 91' lang='lat' dir='ltr'><strong>est,</strong></span> <span class='ocrx_word' id='word_1_14' title='bbox 497 732 575 795; x_wconf 91' lang='lat' dir='ltr'><strong>qua</strong></span> <span class='ocrx_word' id='word_1_15' title='bbox 600 711 678 774; x_wconf 87' lang='lat' dir='ltr'><strong>sati</strong></span> <span class='ocrx_word' id='word_1_16' title='bbox 704 732 848 774; x_wconf 90' lang='lat' dir='ltr'><strong>sumus.</strong></span> <span class='ocrx_word' id='word_1_17' title='bbox 887 711 1026 775; x_wconf 89' lang='lat' dir='ltr'><strong>Badham</strong></span> <span class='ocrx_word' id='word_1_18' title='bbox 1049 712 1188 776; x_wconf 76' lang='lat' dir='ltr'><strong>distinxit</strong></span> <span class='ocrx_word' id='word_1_19' title='bbox 1210 707 1290 778; x_wconf 80' lang='grc' dir='ltr'><em>τοῦτ’</em></span> 
     </span>
     <span class='ocr_line' id='line_1_4' title="bbox 203 813 1290 913; baseline 0.002 -25"><span class='ocrx_word' id='word_1_20' title='bbox 203 824 301 888; x_wconf 85' lang='grc' dir='ltr'><em>ἐκεῖν’·</em></span> <span class='ocrx_word' id='word_1_21' title='bbox 332 822 365 889; x_wconf 74' lang='grc' dir='ltr'><strong>ἵν’</strong></span> <span class='ocrx_word' id='word_1_22' title='bbox 390 825 574 906; x_wconf 76' lang='grc' dir='ltr'><em>ἐσποὶρηροεν,</em></span> <span class='ocrx_word' id='word_1_23' title='bbox 600 846 661 887; x_wconf 92' lang='lat' dir='ltr'><strong>non</strong></span> <span class='ocrx_word' id='word_1_24' title='bbox 687 825 753 887; x_wconf 88' lang='lat' dir='ltr'><strong>sine</strong></span> <span class='ocrx_word' id='word_1_25' title='bbox 779 847 869 889; x_wconf 90' lang='lat' dir='ltr'><strong>causa</strong></span> <span class='ocrx_word' id='word_1_26' title='bbox 893 846 1019 913; x_wconf 75' lang='lat' dir='ltr'><strong>monens</strong></span> <span class='ocrx_word' id='word_1_27' title='bbox 1043 826 1122 890; x_wconf 90' lang='lat' dir='ltr'><strong>hano</strong></span> <span class='ocrx_word' id='word_1_28' title='bbox 1145 813 1290 909; x_wconf 86' lang='lat' dir='ltr'><strong>interpre-</strong></span> 
     </span>
     <span class='ocr_line' id='line_1_5' title="bbox 202 936 1286 1022; baseline 0.001 -21"><span class='ocrx_word' id='word_1_29' title='bbox 202 940 348 1002; x_wconf 89' lang='lat' dir='ltr'><strong>tationem</strong></span> <span class='ocrx_word' id='word_1_30' title='bbox 368 946 458 1002; x_wconf 91' lang='lat' dir='ltr'><strong>notae</strong></span> <span class='ocrx_word' id='word_1_31' title='bbox 481 937 630 1002; x_wconf 85' lang='lat' dir='ltr'><strong>formulae</strong></span> <span class='ocrx_word' id='word_1_32' title='bbox 651 938 756 1001; x_wconf 87' lang='lat' dir='ltr'><strong>sensui</strong></span> <span class='ocrx_word' id='word_1_33' title='bbox 771 961 960 1022; x_wconf 84' lang='lat' dir='ltr'><strong>repugnare3</strong></span> <span class='ocrx_word' id='word_1_34' title='bbox 977 936 1018 1003; x_wconf 81' lang='grc' dir='ltr'><strong>ἵν’</strong></span> <span class='ocrx_word' id='word_1_35' title='bbox 1034 940 1211 1019; x_wconf 79' lang='grc' dir='ltr'><em>ἐσποέρημεν,</em></span> <span class='ocrx_word' id='word_1_36' title='bbox 1229 941 1286 1018; x_wconf 88' lang='lat' dir='ltr'><strong>ait,</strong></span> 
     </span>
     <span class='ocr_line' id='line_1_6' title="bbox 203 1052 1288 1138; baseline 0.002 -22"><span class='ocrx_word' id='word_1_37' title='bbox 203 1053 437 1116; x_wconf 79' lang='lat' dir='ltr'><strong>sententiae</strong></span> <span class='ocrx_word' id='word_1_38' title='bbox 461 1052 629 1115; x_wconf 91' lang='lat' dir='ltr'><strong>initium</strong></span> <span class='ocrx_word' id='word_1_39' title='bbox 653 1059 729 1122; x_wconf 81' lang='lat' dir='ltr'><strong>eat.</strong></span> <span class='ocrx_word' id='word_1_40' title='bbox 754 1074 869 1135; x_wconf 90' lang='lat' dir='ltr'><strong>quam</strong></span> <span class='ocrx_word' id='word_1_41' title='bbox 894 1053 1206 1138; x_wconf 88' lang='lat' dir='ltr'><strong>interpellando</strong></span> <span class='ocrx_word' id='word_1_42' title='bbox 1229 1077 1288 1118; x_wconf 85' lang='lat' dir='ltr'><strong>ex-</strong></span> 
     </span>
     <span class='ocr_line' id='line_1_7' title="bbox 203 1165 1286 1248; baseline 0.003 -20"><span class='ocrx_word' id='word_1_43' title='bbox 203 1165 290 1248; x_wconf 89' lang='lat' dir='ltr'><strong>plet</strong></span> <span class='ocrx_word' id='word_1_44' title='bbox 315 1165 486 1232; x_wconf 89' lang='lat' dir='ltr'><strong>Xuthus.</strong></span> <span class='ocrx_word' id='word_1_45' title='bbox 518 1165 624 1230; x_wconf 79' lang='lat' dir='ltr'><strong>Fidem</strong></span> <span class='ocrx_word' id='word_1_46' title='bbox 649 1165 809 1243; x_wconf 89' lang='lat' dir='ltr'><strong>haberem,</strong></span> <span class='ocrx_word' id='word_1_47' title='bbox 835 1167 860 1230; x_wconf 90' lang='lat' dir='ltr'><strong>si</strong></span> <span class='ocrx_word' id='word_1_48' title='bbox 885 1167 957 1230; x_wconf 89' lang='lat' dir='ltr'><strong>satis</strong></span> <span class='ocrx_word' id='word_1_49' title='bbox 981 1167 1175 1230; x_wconf 85' lang='lat' dir='ltr'><strong>manifestum</strong></span> <span class='ocrx_word' id='word_1_50' title='bbox 1192 1178 1286 1240; x_wconf 90' lang='lat' dir='ltr'><strong>esset,</strong></span> 
     </span>
     <span class='ocr_line' id='line_1_8' title="bbox 202 1280 1287 1366; baseline 0.003 -24"><span class='ocrx_word' id='word_1_51' title='bbox 202 1301 263 1362; x_wconf 90' lang='lat' dir='ltr'><strong>quo</strong></span> <span class='ocrx_word' id='word_1_52' title='bbox 295 1287 384 1364; x_wconf 88' lang='lat' dir='ltr'><strong>pacto</strong></span> <span class='ocrx_word' id='word_1_53' title='bbox 416 1281 481 1365; x_wconf 88' lang='lat' dir='ltr'><strong>ipse</strong></span> <span class='ocrx_word' id='word_1_54' title='bbox 514 1281 566 1364; x_wconf 86' lang='lat' dir='ltr'><strong>Io,</strong></span> <span class='ocrx_word' id='word_1_55' title='bbox 598 1281 623 1343; x_wconf 90' lang='lat' dir='ltr'><strong>si</strong></span> <span class='ocrx_word' id='word_1_56' title='bbox 651 1289 738 1365; x_wconf 88' lang='lat' dir='ltr'><strong>pater</strong></span> <span class='ocrx_word' id='word_1_57' title='bbox 760 1302 822 1344; x_wconf 91' lang='lat' dir='ltr'><strong>non</strong></span> <span class='ocrx_word' id='word_1_58' title='bbox 846 1280 1088 1366; x_wconf 73' lang='lat' dir='ltr'><strong>interpellasset,</strong></span> <span class='ocrx_word' id='word_1_59' title='bbox 1112 1280 1287 1346; x_wconf 80' lang='lat' dir='ltr'><strong>incohatam</strong></span> 
     </span>
     <span class='ocr_line' id='line_1_9' title="bbox 203 1393 1289 1478; baseline 0.004 -22"><span class='ocrx_word' id='word_1_60' title='bbox 203 1393 384 1457; x_wconf 86' lang='lat' dir='ltr'><strong>sententiam</strong></span> <span class='ocrx_word' id='word_1_61' title='bbox 410 1393 585 1478; x_wconf 88' lang='lat' dir='ltr'><strong>expleturus</strong></span> <span class='ocrx_word' id='word_1_62' title='bbox 610 1395 726 1459; x_wconf 84' lang='lat' dir='ltr'><strong>fuisset.</strong></span> <span class='ocrx_word' id='word_1_63' title='bbox 751 1393 853 1474; x_wconf 79' lang='lat' dir='ltr'><strong>Quare</strong></span> <span class='ocrx_word' id='word_1_64' title='bbox 876 1395 978 1458; x_wconf 87' lang='lat' dir='ltr'><strong>nescio</strong></span> <span class='ocrx_word' id='word_1_65' title='bbox 1002 1418 1039 1459; x_wconf 94' lang='lat' dir='ltr'><strong>an</strong></span> <span class='ocrx_word' id='word_1_66' title='bbox 1061 1394 1150 1459; x_wconf 89' lang='lat' dir='ltr'><strong>verba</strong></span> <span class='ocrx_word' id='word_1_67' title='bbox 1166 1397 1210 1460; x_wconf 86' lang='lat' dir='ltr'><strong>sic</strong></span> <span class='ocrx_word' id='word_1_68' title='bbox 1226 1397 1289 1460; x_wconf 89' lang='lat' dir='ltr'><strong>sint</strong></span> 
     </span>
     <span class='ocr_line' id='line_1_10' title="bbox 202 1506 1288 1590; baseline 0.006 -20"><span class='ocrx_word' id='word_1_69' title='bbox 202 1506 428 1590; x_wconf 84' lang='lat' dir='ltr'><strong>intellegenda,</strong></span> <span class='ocrx_word' id='word_1_70' title='bbox 454 1516 489 1572; x_wconf 89' lang='lat' dir='ltr'><strong>ut</strong></span> <span class='ocrx_word' id='word_1_71' title='bbox 513 1507 592 1574; x_wconf 78' lang='grc' dir='ltr'><em>τοῦτ’</em></span> <span class='ocrx_word' id='word_1_72' title='bbox 617 1511 703 1573; x_wconf 83' lang='grc' dir='ltr'><em>ἐκεῖνο</em></span> <span class='ocrx_word' id='word_1_73' title='bbox 729 1510 769 1572; x_wconf 86' lang='lat' dir='ltr'><strong>sit</strong></span> <span class='ocrx_word' id='word_1_74' title='bbox 793 1508 972 1574; x_wconf 79' lang='lat' dir='ltr'><strong>exclamatio</strong></span> <span class='ocrx_word' id='word_1_75' title='bbox 995 1510 1041 1574; x_wconf 77' lang='grc' dir='ltr'><em>δρός</em></span> <span class='ocrx_word' id='word_1_76' title='bbox 1063 1511 1171 1587; x_wconf 76' lang='grc' dir='ltr'><em>μέσον,</em></span> <span class='ocrx_word' id='word_1_77' title='bbox 1192 1519 1222 1575; x_wconf 90' lang='lat' dir='ltr'><strong>et</strong></span> <span class='ocrx_word' id='word_1_78' title='bbox 1242 1509 1288 1576; x_wconf 80' lang='lat' dir='ltr'><strong>tta</strong></span> 
     </span>
     <span class='ocr_line' id='line_1_11' title="bbox 202 1619 1287 1705; baseline 0.005 -24"><span class='ocrx_word' id='word_1_79' title='bbox 202 1625 266 1682; x_wconf 88' lang='lat' dir='ltr'><strong>arte</strong></span> <span class='ocrx_word' id='word_1_80' title='bbox 292 1619 484 1703; x_wconf 81' lang='lat' dir='ltr'><strong>iungendum</strong></span> <span class='ocrx_word' id='word_1_81' title='bbox 505 1642 574 1683; x_wconf 92' lang='lat' dir='ltr'><strong>oum</strong></span> <span class='ocrx_word' id='word_1_82' title='bbox 591 1621 801 1705; x_wconf 85' lang='lat' dir='ltr'><strong>superioribus</strong></span> <span class='ocrx_word' id='word_1_83' title='bbox 825 1620 924 1685; x_wconf 91' lang='lat' dir='ltr'><strong>Xuthi</strong></span> <span class='ocrx_word' id='word_1_84' title='bbox 951 1621 1049 1685; x_wconf 91' lang='lat' dir='ltr'><strong>verbis</strong></span> <span class='ocrx_word' id='word_1_85' title='bbox 1074 1623 1204 1703; x_wconf 80' lang='grc' dir='ltr'><em>Βοοκχίον</em></span> <span class='ocrx_word' id='word_1_86' title='bbox 1220 1623 1287 1704; x_wconf 76' lang='grc' dir='ltr'><em>πρὸς</em></span> 
     </span>
     <span class='ocr_line' id='line_1_12' title="bbox 202 1729 1287 1815; baseline 0.003 -20"><span class='ocrx_word' id='word_1_87' title='bbox 202 1731 323 1806; x_wconf 73' lang='grc' dir='ltr'><em>ἡδοναῖς.</em></span> <span class='ocrx_word' id='word_1_88' title='bbox 347 1729 545 1815; x_wconf 84' lang='lat' dir='ltr'><strong>Sequentinm</strong></span> <span class='ocrx_word' id='word_1_89' title='bbox 562 1732 666 1815; x_wconf 85' lang='lat' dir='ltr'><strong>paullo</strong></span> <span class='ocrx_word' id='word_1_90' title='bbox 679 1732 803 1815; x_wconf 88' lang='lat' dir='ltr'><strong>quidem</strong></span> <span class='ocrx_word' id='word_1_91' title='bbox 817 1733 963 1797; x_wconf 80' lang='lat' dir='ltr'><strong>incertior</strong></span> <span class='ocrx_word' id='word_1_92' title='bbox 976 1742 1021 1796; x_wconf 88' lang='lat' dir='ltr'><strong>est</strong></span> <span class='ocrx_word' id='word_1_93' title='bbox 1035 1733 1220 1810; x_wconf 81' lang='lat' dir='ltr'><strong>emendatio,</strong></span> <span class='ocrx_word' id='word_1_94' title='bbox 1234 1734 1287 1798; x_wconf 89' lang='lat' dir='ltr'><strong>sed</strong></span> 
     </span>
     <span class='ocr_line' id='line_1_13' title="bbox 201 1844 1286 1930; baseline 0.005 -24"><span class='ocrx_word' id='word_1_95' title='bbox 201 1845 281 1907; x_wconf 92' lang='lat' dir='ltr'><strong>inter</strong></span> <span class='ocrx_word' id='word_1_96' title='bbox 311 1866 345 1907; x_wconf 90' lang='lat' dir='ltr'><strong>ea</strong></span> <span class='ocrx_word' id='word_1_97' title='bbox 377 1866 454 1927; x_wconf 91' lang='lat' dir='ltr'><strong>quae</strong></span> <span class='ocrx_word' id='word_1_98' title='bbox 489 1844 626 1907; x_wconf 82' lang='lat' dir='ltr'><strong>coniecta</strong></span> <span class='ocrx_word' id='word_1_99' title='bbox 652 1856 725 1907; x_wconf 86' lang='lat' dir='ltr'><strong>sunt</strong></span> <span class='ocrx_word' id='word_1_100' title='bbox 750 1846 879 1908; x_wconf 76' lang='lat' dir='ltr'><strong>unanime</strong></span> <span class='ocrx_word' id='word_1_101' title='bbox 903 1844 1001 1930; x_wconf 89' lang='lat' dir='ltr'><strong>placet</strong></span> <span class='ocrx_word' id='word_1_102' title='bbox 1024 1846 1172 1911; x_wconf 91' lang='lat' dir='ltr'><strong>Badhami</strong></span> <span class='ocrx_word' id='word_1_103' title='bbox 1196 1868 1286 1930; x_wconf 90' lang='lat' dir='ltr'><strong>quam</strong></span> 
     </span>
     <span class='ocr_line' id='line_1_14' title="bbox 202 1944 1288 2042; baseline 0.003 -22"><span class='ocrx_word' id='word_1_104' title='bbox 202 1958 300 2042; x_wconf 88' lang='lat' dir='ltr'><strong>recepi</strong></span> <span class='ocrx_word' id='word_1_105' title='bbox 324 1959 479 2022; x_wconf 88' lang='lat' dir='ltr'><strong>correctio.</strong></span> <span class='ocrx_word' id='word_1_106' title='bbox 516 1957 577 2020; x_wconf 81' lang='lat' dir='ltr'><strong>Vix</strong></span> <span class='ocrx_word' id='word_1_107' title='bbox 603 1958 682 2020; x_wconf 92' lang='lat' dir='ltr'><strong>enim</strong></span> <span class='ocrx_word' id='word_1_108' title='bbox 709 1959 843 2033; x_wconf 78' lang='lat' dir='ltr'><strong>suffieit,</strong></span> <span class='ocrx_word' id='word_1_109' title='bbox 868 1944 961 2041; x_wconf 69' lang='lat' dir='ltr'><strong>quod¹</strong></span> <span class='ocrx_word' id='word_1_110' title='bbox 976 1959 1069 2041; x_wconf 85' lang='lat' dir='ltr'><strong>vulgo</strong></span> <span class='ocrx_word' id='word_1_111' title='bbox 1093 1959 1195 2023; x_wconf 89' lang='lat' dir='ltr'><strong>editur</strong></span> <span class='ocrx_word' id='word_1_112' title='bbox 1217 1982 1288 2024; x_wconf 88' lang='lat' dir='ltr'><strong>auc-</strong></span> 
     </span>
     <span class='ocr_line' id='line_1_15' title="bbox 202 2070 1287 2155; baseline 0.002 -20"><span class='ocrx_word' id='word_1_113' title='bbox 202 2079 269 2136; x_wconf 89' lang='lat' dir='ltr'><strong>tore</strong></span> <span class='ocrx_word' id='word_1_114' title='bbox 294 2072 428 2136; x_wconf 90' lang='lat' dir='ltr'><strong>Heathio</strong></span> <span class='ocrx_word' id='word_1_115' title='bbox 451 2071 465 2135; x_wconf 83' lang='grc' dir='ltr'><em>ό</em></span> <span class='ocrx_word' id='word_1_116' title='bbox 488 2071 601 2148; x_wconf 83' lang='grc' dir='ltr'><em>πότμος</em></span> <span class='ocrx_word' id='word_1_117' title='bbox 624 2070 756 2150; x_wconf 80' lang='grc' dir='ltr'><em>ἐξηῦρεν,</em></span> <span class='ocrx_word' id='word_1_118' title='bbox 780 2073 894 2146; x_wconf 79' lang='grc' dir='ltr'><em>τέκνον,</em></span> <span class='ocrx_word' id='word_1_119' title='bbox 923 2072 1005 2155; x_wconf 87' lang='lat' dir='ltr'><strong>quod</strong></span> <span class='ocrx_word' id='word_1_120' title='bbox 1030 2075 1074 2136; x_wconf 89' lang='lat' dir='ltr'><strong>ita</strong></span> <span class='ocrx_word' id='word_1_121' title='bbox 1098 2082 1217 2137; x_wconf 90' lang='lat' dir='ltr'><strong>tantum</strong></span> <span class='ocrx_word' id='word_1_122' title='bbox 1241 2074 1287 2137; x_wconf 91' lang='lat' dir='ltr'><strong>iu·</strong></span> 
     </span>
     <span class='ocr_line' id='line_1_16' title="bbox 202 2183 1288 2269; baseline 0.001 -22"><span class='ocrx_word' id='word_1_123' title='bbox 202 2183 304 2268; x_wconf 79' lang='lat' dir='ltr'><strong>tellegi</strong></span> <span class='ocrx_word' id='word_1_124' title='bbox 339 2192 458 2268; x_wconf 89' lang='lat' dir='ltr'><strong>posset,</strong></span> <span class='ocrx_word' id='word_1_125' title='bbox 491 2186 516 2247; x_wconf 85' lang='lat' dir='ltr'><strong>si</strong></span> <span class='ocrx_word' id='word_1_126' title='bbox 548 2186 698 2248; x_wconf 87' lang='lat' dir='ltr'><strong>sententia</strong></span> <span class='ocrx_word' id='word_1_127' title='bbox 730 2193 824 2248; x_wconf 89' lang='lat' dir='ltr'><strong>esset:</strong></span> <span class='ocrx_word' id='word_1_128' title='bbox 861 2183 942 2266; x_wconf 90' lang='lat' dir='ltr'><strong>(uhi</strong></span> <span class='ocrx_word' id='word_1_129' title='bbox 972 2194 1086 2249; x_wconf 88' lang='lat' dir='ltr'><strong>satus</strong></span> <span class='ocrx_word' id='word_1_130' title='bbox 1111 2187 1179 2269; x_wconf 87' lang='lat' dir='ltr'><strong>sis)</strong></span> <span class='ocrx_word' id='word_1_131' title='bbox 1201 2187 1288 2250; x_wconf 86' lang='lat' dir='ltr'><strong>fors</strong></span> 
     </span>
     <span class='ocr_line' id='line_1_17' title="bbox 201 2297 1288 2382; baseline 0.002 -20"><span class='ocrx_word' id='word_1_132' title='bbox 201 2299 372 2363; x_wconf 88' lang='lat' dir='ltr'><strong>invenit.</strong></span> <span class='ocrx_word' id='word_1_133' title='bbox 403 2297 491 2378; x_wconf 78' lang='lat' dir='ltr'><strong>Quae</strong></span> <span class='ocrx_word' id='word_1_134' title='bbox 512 2298 538 2361; x_wconf 90' lang='lat' dir='ltr'><strong>si</strong></span> <span class='ocrx_word' id='word_1_135' title='bbox 559 2298 628 2362; x_wconf 82' lang='lat' dir='ltr'><strong>ferri</strong></span> <span class='ocrx_word' id='word_1_136' title='bbox 650 2307 767 2382; x_wconf 84' lang='lat' dir='ltr'><strong>posset,</strong></span> <span class='ocrx_word' id='word_1_137' title='bbox 785 2297 867 2361; x_wconf 88' lang='lat' dir='ltr'><strong>hunc</strong></span> <span class='ocrx_word' id='word_1_138' title='bbox 882 2298 983 2363; x_wconf 87' lang='lat' dir='ltr'><strong>locum</strong></span> <span class='ocrx_word' id='word_1_139' title='bbox 998 2299 1040 2363; x_wconf 89' lang='lat' dir='ltr'><strong>sio</strong></span> <span class='ocrx_word' id='word_1_140' title='bbox 1054 2299 1288 2364; x_wconf 76' lang='lat' dir='ltr'><strong>constitueremz</strong></span> 
     </span>
     <span class='ocr_line' id='line_1_18' title="bbox 202 2410 1288 2493; baseline 0.002 -18"><span class='ocrx_word' id='word_1_141' title='bbox 202 2413 246 2478; x_wconf 87' lang='lat' dir='ltr'><strong>lo.</strong></span> <span class='ocrx_word' id='word_1_142' title='bbox 278 2412 356 2477; x_wconf 81' lang='grc' dir='ltr'><em>τοῦτ’</em></span> <span class='ocrx_word' id='word_1_143' title='bbox 391 2412 483 2478; x_wconf 81' lang='grc' dir='ltr'><em>ἐκεῖν’.</em></span> <span class='ocrx_word' id='word_1_144' title='bbox 511 2411 609 2478; x_wconf 88' lang='lat' dir='ltr'><strong>Xuth.</strong></span> <span class='ocrx_word' id='word_1_145' title='bbox 639 2410 672 2477; x_wconf 78' lang='grc' dir='ltr'><strong>ἵν’</strong></span> <span class='ocrx_word' id='word_1_146' title='bbox 697 2411 871 2493; x_wconf 77' lang='grc' dir='ltr'><em>ἐστόρης</em></span> <span class='ocrx_word' id='word_1_147' title='bbox 894 2412 960 2489; x_wconf 78' lang='grc' dir='ltr'><strong>μὲν</strong></span> <span class='ocrx_word' id='word_1_148' title='bbox 983 2414 997 2478; x_wconf 82' lang='grc' dir='ltr'><em>ό</em></span> <span class='ocrx_word' id='word_1_149' title='bbox 1020 2411 1133 2488; x_wconf 86' lang='grc' dir='ltr'><em>πότριος</em></span> <span class='ocrx_word' id='word_1_150' title='bbox 1157 2410 1288 2491; x_wconf 75' lang='grc' dir='ltr'><em>ἐξηῦρεν,</em></span> 
     </span>
     <span class='ocr_line' id='line_1_19' title="bbox 201 2523 1290 2608; baseline -0.003 -16"><span class='ocrx_word' id='word_1_151' title='bbox 201 2528 309 2592; x_wconf 82' lang='grc' dir='ltr'><em>τόκνον.</em></span> <span class='ocrx_word' id='word_1_152' title='bbox 348 2527 389 2588; x_wconf 83' lang='lat' dir='ltr'><strong>At</strong></span> <span class='ocrx_word' id='word_1_153' title='bbox 421 2525 500 2589; x_wconf 90' lang='lat' dir='ltr'><strong>enim</strong></span> <span class='ocrx_word' id='word_1_154' title='bbox 535 2525 696 2589; x_wconf 88' lang='lat' dir='ltr'><strong>manifesto</strong></span> <span class='ocrx_word' id='word_1_155' title='bbox 720 2533 806 2608; x_wconf 87' lang='lat' dir='ltr'><strong>pater</strong></span> <span class='ocrx_word' id='word_1_156' title='bbox 830 2524 929 2588; x_wconf 87' lang='lat' dir='ltr'><strong>dicere</strong></span> <span class='ocrx_word' id='word_1_157' title='bbox 953 2523 1060 2588; x_wconf 86' lang='lat' dir='ltr'><strong>debet:</strong></span> <span class='ocrx_word' id='word_1_158' title='bbox 1087 2524 1149 2588; x_wconf 90' lang='lat' dir='ltr'><strong>hic</strong></span> <span class='ocrx_word' id='word_1_159' title='bbox 1172 2533 1210 2591; x_wconf 91' lang='lat' dir='ltr'><strong>te</strong></span> <span class='ocrx_word' id='word_1_160' title='bbox 1232 2547 1290 2589; x_wconf 90' lang='lat' dir='ltr'><strong>ca-</strong></span> 
     </span>
     <span class='ocr_line' id='line_1_20' title="bbox 200 2637 1289 2721; baseline -0.002 -18"><span class='ocrx_word' id='word_1_161' title='bbox 200 2660 268 2703; x_wconf 91' lang='lat' dir='ltr'><strong>sus</strong></span> <span class='ocrx_word' id='word_1_162' title='bbox 303 2640 481 2714; x_wconf 89' lang='lat' dir='ltr'><strong>invenit,</strong></span> <span class='ocrx_word' id='word_1_163' title='bbox 519 2639 571 2702; x_wconf 92' lang='lat' dir='ltr'><strong>mi</strong></span> <span class='ocrx_word' id='word_1_164' title='bbox 605 2637 692 2718; x_wconf 82' lang='lat' dir='ltr'><strong>lili3</strong></span> <span class='ocrx_word' id='word_1_165' title='bbox 729 2638 899 2721; x_wconf 82' lang='lat' dir='ltr'><strong>neque&#39;in</strong></span> <span class='ocrx_word' id='word_1_166' title='bbox 938 2637 991 2701; x_wconf 90' lang='lat' dir='ltr'><strong>illa</strong></span> <span class='ocrx_word' id='word_1_167' title='bbox 1024 2638 1175 2702; x_wconf 88' lang='lat' dir='ltr'><strong>sententia</strong></span> <span class='ocrx_word' id='word_1_168' title='bbox 1208 2645 1289 2702; x_wconf 90' lang='lat' dir='ltr'><strong>recte</strong></span> 
     </span>
     <span class='ocr_line' id='line_1_21' title="bbox 201 2750 1287 2835; baseline -0.001 -19"><span class='ocrx_word' id='word_1_169' title='bbox 201 2752 326 2816; x_wconf 88' lang='lat' dir='ltr'><strong>haberet</strong></span> <span class='ocrx_word' id='word_1_170' title='bbox 350 2753 363 2816; x_wconf 79' lang='grc' dir='ltr'>ὁ</span> <span class='ocrx_word' id='word_1_171' title='bbox 386 2751 517 2829; x_wconf 79' lang='grc' dir='ltr'><em>πότμος,</em></span> <span class='ocrx_word' id='word_1_172' title='bbox 543 2750 596 2815; x_wconf 92' lang='lat' dir='ltr'><strong>sed</strong></span> <span class='ocrx_word' id='word_1_173' title='bbox 619 2752 632 2815; x_wconf 81' lang='grc' dir='ltr'><em>ό</em></span> <span class='ocrx_word' id='word_1_174' title='bbox 655 2751 761 2828; x_wconf 71' lang='grc' dir='ltr'><em>λόγος,</em></span> <span class='ocrx_word' id='word_1_175' title='bbox 785 2772 894 2835; x_wconf 89' lang='lat' dir='ltr'><strong>nempe</strong></span> <span class='ocrx_word' id='word_1_176' title='bbox 918 2759 1058 2814; x_wconf 87' lang='lat' dir='ltr'><strong>nostrum</strong></span> <span class='ocrx_word' id='word_1_177' title='bbox 1081 2750 1287 2834; x_wconf 89' lang='lat' dir='ltr'><strong>colloquium,</strong></span> 
     </span>
     <span class='ocr_line' id='line_1_22' title="bbox 201 2861 1338 2949; baseline -0.001 -20"><span class='ocrx_word' id='word_1_178' title='bbox 201 2887 261 2949; x_wconf 91' lang='lat' dir='ltr'><strong>quo</strong></span> <span class='ocrx_word' id='word_1_179' title='bbox 293 2865 371 2930; x_wconf 90' lang='lat' dir='ltr'><strong>duce</strong></span> <span class='ocrx_word' id='word_1_180' title='bbox 404 2866 482 2929; x_wconf 91' lang='lat' dir='ltr'><strong>hano</strong></span> <span class='ocrx_word' id='word_1_181' title='bbox 515 2887 577 2929; x_wconf 90' lang='lat' dir='ltr'><strong>rem</strong></span> <span class='ocrx_word' id='word_1_182' title='bbox 607 2864 896 2933; x_wconf 57' lang='lat' dir='ltr'><strong>concludimus—</strong></span> <span class='ocrx_word' id='word_1_183' title='bbox 921 2864 971 2927; x_wconf 84' lang='lat' dir='ltr'><strong>nd</strong></span> <span class='ocrx_word' id='word_1_184' title='bbox 998 2863 1087 2928; x_wconf 85' lang='lat' dir='ltr'><strong>verba</strong></span> <span class='ocrx_word' id='word_1_185' title='bbox 1110 2861 1151 2927; x_wconf 77' lang='grc' dir='ltr'><strong>ἐν’</strong></span> <span class='ocrx_word' id='word_1_186' title='bbox 1173 2862 1288 2928; x_wconf 80' lang='grc' dir='ltr'><em>ἐσπό-</em></span> <span class='ocrx_word' id='word_1_187' title='bbox 1334 2897 1338 2903; x_wconf 90' lang='grc'><em>·</em></span> 
     </span>
     <span class='ocr_line' id='line_1_23' title="bbox 199 2965 1287 3064; baseline -0.001 -22"><span class='ocrx_word' id='word_1_188' title='bbox 199 2997 316 3058; x_wconf 82' lang='grc' dir='ltr'><em>ρηροεν</em></span> <span class='ocrx_word' id='word_1_189' title='bbox 339 2977 376 3043; x_wconf 83' lang='lat' dir='ltr'><strong>cl.</strong></span> <span class='ocrx_word' id='word_1_190' title='bbox 397 2977 510 3043; x_wconf 88' lang='lat' dir='ltr'><strong>Bacch.</strong></span> <span class='ocrx_word' id='word_1_191' title='bbox 530 2980 594 3042; x_wconf 74' lang='lat'><strong>223</strong></span> <span class='ocrx_word' id='word_1_192' title='bbox 615 2976 712 3053; x_wconf 75' lang='grc' dir='ltr'><em>ἄλλην</em></span> <span class='ocrx_word' id='word_1_193' title='bbox 735 2977 760 3041; x_wconf 73' lang='grc' dir='ltr'><strong>δ’</strong></span> <span class='ocrx_word' id='word_1_194' title='bbox 782 2977 888 3042; x_wconf 80' lang='grc' dir='ltr'><em>οέλλόσ’</em></span> <span class='ocrx_word' id='word_1_195' title='bbox 911 2965 951 3049; x_wconf 80' lang='grc' dir='ltr'><strong>εἷς</strong></span> <span class='ocrx_word' id='word_1_196' title='bbox 975 2977 1094 3055; x_wconf 81' lang='grc' dir='ltr'><em>ἐρηροόοον</em></span> <span class='ocrx_word' id='word_1_197' title='bbox 1113 2975 1120 3064; x_wconf 81' lang='grc' dir='ltr'>Ι</span> <span class='ocrx_word' id='word_1_198' title='bbox 1140 2977 1287 3041; x_wconf 82' lang='grc' dir='ltr'><em>πτώσσον-</em></span> 
     </span>
     <span class='ocr_line' id='line_1_24' title="bbox 200 3088 1287 3178; baseline -0.003 -22"><span class='ocrx_word' id='word_1_199' title='bbox 200 3116 255 3157; x_wconf 89' lang='grc' dir='ltr'><em>σοον</em></span> <span class='ocrx_word' id='word_1_200' title='bbox 285 3093 381 3162; x_wconf 80' lang='grc' dir='ltr'><em>εὐνοοῑς</em></span> <span class='ocrx_word' id='word_1_201' title='bbox 414 3091 536 3171; x_wconf 80' lang='grc' dir='ltr'><em>οέρσένοον</em></span> <span class='ocrx_word' id='word_1_202' title='bbox 565 3092 725 3171; x_wconf 75' lang='grc' dir='ltr'><em>ὑπηρετεῖν,</em></span> <span class='ocrx_word' id='word_1_203' title='bbox 747 3088 753 3178; x_wconf 82' lang='grc' dir='ltr'>Ι</span> <span class='ocrx_word' id='word_1_204' title='bbox 773 3090 919 3171; x_wconf 81' lang='grc' dir='ltr'><em>πρόφοοσον</em></span> <span class='ocrx_word' id='word_1_205' title='bbox 945 3091 999 3169; x_wconf 78' lang='grc' dir='ltr'><strong>ροέν</strong></span> <span class='ocrx_word' id='word_1_206' title='bbox 1024 3092 1061 3162; x_wconf 77' lang='grc' dir='ltr'><strong>ὥς</strong></span> <span class='ocrx_word' id='word_1_207' title='bbox 1084 3090 1117 3164; x_wconf 73' lang='grc' dir='ltr'><strong>δη</strong></span> <span class='ocrx_word' id='word_1_208' title='bbox 1140 3089 1287 3167; x_wconf 76' lang='grc' dir='ltr'><em>μοννοέδοος</em></span> 
     </span>
     <span class='ocr_line' id='line_1_25' title="bbox 199 3200 1286 3290; baseline -0.006 -20"><span class='ocrx_word' id='word_1_209' title='bbox 199 3203 361 3286; x_wconf 83' lang='grc' dir='ltr'><em>όνοσκόονς,</em></span> <span class='ocrx_word' id='word_1_210' title='bbox 383 3201 389 3290; x_wconf 77' lang='grc' dir='ltr'>Ι</span> <span class='ocrx_word' id='word_1_211' title='bbox 409 3205 461 3277; x_wconf 75' lang='grc' dir='ltr'><strong>την</strong></span> <span class='ocrx_word' id='word_1_212' title='bbox 484 3201 508 3266; x_wconf 77' lang='grc' dir='ltr'><strong>δ’</strong></span> <span class='ocrx_word' id='word_1_213' title='bbox 528 3203 702 3283; x_wconf 77' lang='grc' dir='ltr'><em>Ἀφροδίτην</em></span> <span class='ocrx_word' id='word_1_214' title='bbox 725 3202 828 3283; x_wconf 60' lang='grc' dir='ltr'><em>πρόσθ’</em></span> <span class='ocrx_word' id='word_1_215' title='bbox 846 3201 931 3280; x_wconf 76' lang='grc' dir='ltr'><em>ἄγειν</em></span> <span class='ocrx_word' id='word_1_216' title='bbox 951 3209 1001 3268; x_wconf 81' lang='grc' dir='ltr'><strong>τοῦ</strong></span> <span class='ocrx_word' id='word_1_217' title='bbox 1020 3203 1161 3282; x_wconf 69' lang='grc' dir='ltr'><em>Βακχίου.</em></span> <span class='ocrx_word' id='word_1_218' title='bbox 1193 3200 1286 3287; x_wconf 86' lang='lat' dir='ltr'><strong>Apud</strong></span> 
     </span>
    </p>
   </div>
   <div class='ocr_carea' id='block_1_3' title="bbox 199 3312 1406 3398">
    <p class='ocr_par' dir='ltr' id='par_1_3' title="bbox 199 3312 1406 3398">
     <span class='ocr_line' id='line_1_26' title="bbox 199 3312 1406 3398; baseline -0.003 -19"><span class='ocrx_word' id='word_1_219' title='bbox 199 3315 331 3380; x_wconf 87' lang='lat' dir='ltr'><strong>comicos</strong></span> <span class='ocrx_word' id='word_1_220' title='bbox 367 3322 470 3398; x_wconf 90' lang='lat' dir='ltr'><strong>poetas</strong></span> <span class='ocrx_word' id='word_1_221' title='bbox 503 3312 630 3377; x_wconf 86' lang='lat' dir='ltr'><strong>Latinos</strong></span> <span class='ocrx_word' id='word_1_222' title='bbox 669 3312 836 3378; x_wconf 83' lang='lat' dir='ltr'><strong>Cereris</strong></span> <span class='ocrx_word' id='word_1_223' title='bbox 878 3314 1043 3398; x_wconf 86' lang='lat' dir='ltr'><strong>vigiliis</strong></span> <span class='ocrx_word' id='word_1_224' title='bbox 1075 3315 1193 3398; x_wconf 90' lang='lat' dir='ltr'><strong>puellas</strong></span> <span class='ocrx_word' id='word_1_225' title='bbox 1224 3335 1287 3376; x_wconf 91' lang='lat' dir='ltr'><strong>non</strong></span> <span class='ocrx_word' id='word_1_226' title='bbox 1404 3327 1406 3330; x_wconf 54' lang='lat'><strong>⁴</strong></span> 
     </span>
    </p>
   </div>
   <div class='ocr_carea' id='block_1_4' title="bbox 196 3425 1287 4422">
    <p class='ocr_par' dir='ltr' id='par_1_4' title="bbox 198 3425 1287 3848">
     <span class='ocr_line' id='line_1_27' title="bbox 198 3425 1287 3512; baseline -0.003 -19"><span class='ocrx_word' id='word_1_227' title='bbox 198 3451 266 3494; x_wconf 86' lang='lat' dir='ltr'><strong>raro</strong></span> <span class='ocrx_word' id='word_1_228' title='bbox 299 3437 490 3512; x_wconf 83' lang='lat' dir='ltr'><strong>stuprantur,</strong></span> <span class='ocrx_word' id='word_1_229' title='bbox 524 3448 585 3510; x_wconf 91' lang='lat' dir='ltr'><strong>quo</strong></span> <span class='ocrx_word' id='word_1_230' title='bbox 616 3434 732 3511; x_wconf 88' lang='lat' dir='ltr'><strong>spectat</strong></span> <span class='ocrx_word' id='word_1_231' title='bbox 764 3427 881 3492; x_wconf 89' lang='lat' dir='ltr'><strong>dictum</strong></span> <span class='ocrx_word' id='word_1_232' title='bbox 912 3427 1067 3492; x_wconf 80' lang='lat' dir='ltr'><strong>Ciceronis</strong></span> <span class='ocrx_word' id='word_1_233' title='bbox 1094 3429 1126 3490; x_wconf 94' lang='lat' dir='ltr'><strong>in</strong></span> <span class='ocrx_word' id='word_1_234' title='bbox 1151 3425 1229 3490; x_wconf 89' lang='lat' dir='ltr'><strong>libro</strong></span> <span class='ocrx_word' id='word_1_235' title='bbox 1252 3426 1287 3490; x_wconf 87' lang='grc' dir='ltr'><strong>ΙΙ</strong></span> 
     </span>
     <span class='ocr_line' id='line_1_28' title="bbox 198 3537 1286 3623; baseline -0.001 -20"><span class='ocrx_word' id='word_1_236' title='bbox 198 3540 241 3605; x_wconf 90' lang='lat' dir='ltr'><strong>de</strong></span> <span class='ocrx_word' id='word_1_237' title='bbox 272 3537 453 3623; x_wconf 82' lang='lat' dir='ltr'><strong>Legibus</strong></span> <span class='ocrx_word' id='word_1_238' title='bbox 486 3538 583 3621; x_wconf 92' lang='lat' dir='ltr'><strong>„quid</strong></span> <span class='ocrx_word' id='word_1_239' title='bbox 615 3548 718 3603; x_wconf 90' lang='lat' dir='ltr'><strong>autem</strong></span> <span class='ocrx_word' id='word_1_240' title='bbox 751 3539 828 3603; x_wconf 91' lang='lat' dir='ltr'><strong>mihi</strong></span> <span class='ocrx_word' id='word_1_241' title='bbox 855 3539 1016 3623; x_wconf 89' lang='lat' dir='ltr'><strong>displiceat</strong></span> <span class='ocrx_word' id='word_1_242' title='bbox 1042 3541 1073 3603; x_wconf 91' lang='lat' dir='ltr'><strong>in</strong></span> <span class='ocrx_word' id='word_1_243' title='bbox 1097 3540 1190 3605; x_wconf 88' lang='lat' dir='ltr'><strong>sacris</strong></span> <span class='ocrx_word' id='word_1_244' title='bbox 1212 3561 1286 3603; x_wconf 92' lang='lat' dir='ltr'><strong>noc-</strong></span> 
     </span>
     <span class='ocr_line' id='line_1_29' title="bbox 198 3651 1283 3736; baseline -0.003 -18"><span class='ocrx_word' id='word_1_245' title='bbox 198 3654 315 3729; x_wconf 88' lang='lat' dir='ltr'><strong>turnis,</strong></span> <span class='ocrx_word' id='word_1_246' title='bbox 341 3661 447 3736; x_wconf 88' lang='lat' dir='ltr'><strong>poetae</strong></span> <span class='ocrx_word' id='word_1_247' title='bbox 472 3651 609 3716; x_wconf 86' lang='lat' dir='ltr'><strong>indicant</strong></span> <span class='ocrx_word' id='word_1_248' title='bbox 634 3651 772 3718; x_wconf 84' lang='lat' dir='ltr'><strong>comici.&#39;&#39;</strong></span> <span class='ocrx_word' id='word_1_249' title='bbox 795 3653 842 3717; x_wconf 93' lang='lat' dir='ltr'><strong>De</strong></span> <span class='ocrx_word' id='word_1_250' title='bbox 860 3651 1104 3717; x_wconf 87' lang='lat' dir='ltr'><strong>Bacchanalibus</strong></span> <span class='ocrx_word' id='word_1_251' title='bbox 1126 3653 1162 3717; x_wconf 88' lang='lat' dir='ltr'><strong>of.</strong></span> <span class='ocrx_word' id='word_1_252' title='bbox 1179 3651 1283 3716; x_wconf 90' lang='lat' dir='ltr'><strong>Plauti</strong></span> 
     </span>
     <span class='ocr_line' id='line_1_30' title="bbox 198 3765 604 3848; baseline -0.002 -18"><span class='ocrx_word' id='word_1_253' title='bbox 198 3767 368 3831; x_wconf 75' lang='lat' dir='ltr'><strong>Cistellaria</strong></span> <span class='ocrx_word' id='word_1_254' title='bbox 392 3765 419 3844; x_wconf 94' lang='lat' dir='ltr'><strong>I,</strong></span> <span class='ocrx_word' id='word_1_255' title='bbox 444 3770 475 3848; x_wconf 81' lang='lat'><strong>3,</strong></span> <span class='ocrx_word' id='word_1_256' title='bbox 502 3768 530 3831; x_wconf 90' lang='lat'><strong>8.</strong></span> <span class='ocrx_word' id='word_1_257' title='bbox 601 3795 604 3801; x_wconf 90' lang='lat'>·</span> 
     </span>
    </p>

    <p class='ocr_par' dir='ltr' id='par_1_5' title="bbox 196 3879 1284 4422">
     <span class='ocr_line' id='line_1_31' title="bbox 244 3879 1284 3965; baseline 0 -20"><span class='ocrx_word' id='word_1_258' title='bbox 244 3883 319 3945; x_wconf 88' lang='grc'>555.</span> <span class='ocrx_word' id='word_1_259' title='bbox 350 3879 515 3957; x_wconf 76' lang='grc' dir='ltr'><em>ἔκβολον</em></span> <span class='ocrx_word' id='word_1_260' title='bbox 539 3880 649 3955; x_wconf 85' lang='grc' dir='ltr'><em>κόρης</em></span> <span class='ocrx_word' id='word_1_261' title='bbox 676 3880 736 3964; x_wconf 81' lang='lat' dir='ltr'><strong>(Of.</strong></span> <span class='ocrx_word' id='word_1_262' title='bbox 760 3879 798 3942; x_wconf 88' lang='lat' dir='ltr'><strong>ad</strong></span> <span class='ocrx_word' id='word_1_263' title='bbox 823 3881 916 3965; x_wconf 78' lang='lat'><strong>964),</strong></span> <span class='ocrx_word' id='word_1_264' title='bbox 937 3880 956 3944; x_wconf 90' lang='lat' dir='ltr'><strong>i.</strong></span> <span class='ocrx_word' id='word_1_265' title='bbox 973 3902 997 3946; x_wconf 92' lang='lat' dir='ltr'><strong>e.</strong></span> <span class='ocrx_word' id='word_1_266' title='bbox 1021 3879 1145 3952; x_wconf 73' lang='grc' dir='ltr'><em>ἐκτεθεὶς</em></span> <span class='ocrx_word' id='word_1_267' title='bbox 1161 3881 1284 3955; x_wconf 75' lang='grc' dir='ltr'><em>ὑπὸτῆς</em></span> 
     </span>
     <span class='ocr_line' id='line_1_32' title="bbox 196 3991 1282 4075; baseline -0.003 -16"><span class='ocrx_word' id='word_1_268' title='bbox 196 3995 292 4075; x_wconf 88' lang='grc' dir='ltr'><em>κόρης,</em></span> <span class='ocrx_word' id='word_1_269' title='bbox 317 3992 335 4069; x_wconf 77' lang='grc' dir='ltr'><strong>η’</strong></span> <span class='ocrx_word' id='word_1_270' title='bbox 357 3992 385 4058; x_wconf 83' lang='grc' dir='ltr'><strong>σ’</strong></span> <span class='ocrx_word' id='word_1_271' title='bbox 408 3994 504 4059; x_wconf 79' lang='grc' dir='ltr'><em>ἔτεκεν</em></span> <span class='ocrx_word' id='word_1_272' title='bbox 527 3997 595 4074; x_wconf 87' lang='grc' dir='ltr'><em>ποορ’</em></span> <span class='ocrx_word' id='word_1_273' title='bbox 619 3997 699 4070; x_wconf 78' lang='grc' dir='ltr'><em>ἐμοῦ.</em></span> <span class='ocrx_word' id='word_1_274' title='bbox 724 3992 837 4057; x_wconf 90' lang='lat' dir='ltr'><strong>Phoeu.</strong></span> <span class='ocrx_word' id='word_1_275' title='bbox 856 3995 922 4056; x_wconf 79' lang='lat' dir='ltr'><strong>sot</strong></span> <span class='ocrx_word' id='word_1_276' title='bbox 940 3992 1050 4074; x_wconf 79' lang='grc' dir='ltr'><em>βρέφος</em></span> <span class='ocrx_word' id='word_1_277' title='bbox 1062 3991 1181 4070; x_wconf 80' lang='grc' dir='ltr'><em>ἔκβολον</em></span> <span class='ocrx_word' id='word_1_278' title='bbox 1192 3992 1282 4058; x_wconf 76' lang='grc' dir='ltr'><em>οἴκων.</em></span> 
     </span>
     <span class='ocr_line' id='line_1_33' title="bbox 196 4105 1283 4184; baseline -0.001 -13"><span class='ocrx_word' id='word_1_279' title='bbox 196 4107 268 4171; x_wconf 84' lang='grc' dir='ltr'><strong>ΑΙὶο</strong></span> <span class='ocrx_word' id='word_1_280' title='bbox 299 4130 391 4172; x_wconf 87' lang='lat' dir='ltr'><strong>sensu</strong></span> <span class='ocrx_word' id='word_1_281' title='bbox 422 4107 532 4172; x_wconf 89' lang='lat' dir='ltr'><strong>Bacch.</strong></span> <span class='ocrx_word' id='word_1_282' title='bbox 569 4111 609 4170; x_wconf 85' lang='grc'><strong>91</strong></span> <span class='ocrx_word' id='word_1_283' title='bbox 642 4105 671 4172; x_wconf 77' lang='grc' dir='ltr'><strong>ἐν</strong></span> <span class='ocrx_word' id='word_1_284' title='bbox 699 4107 795 4182; x_wconf 68' lang='grc' dir='ltr'><em>νηδύος</em></span> <span class='ocrx_word' id='word_1_285' title='bbox 818 4106 938 4184; x_wconf 75' lang='grc' dir='ltr'><em>ἔκβολον</em></span> <span class='ocrx_word' id='word_1_286' title='bbox 962 4106 1062 4182; x_wconf 79' lang='grc' dir='ltr'><em>ἔτεκε,</em></span> <span class='ocrx_word' id='word_1_287' title='bbox 1086 4106 1140 4170; x_wconf 91' lang='lat' dir='ltr'><strong>ubi</strong></span> <span class='ocrx_word' id='word_1_288' title='bbox 1163 4105 1283 4184; x_wconf 83' lang='grc' dir='ltr'><em>ἔκβολον</em></span> 
     </span>
     <span class='ocr_line' id='line_1_34' title="bbox 196 4221 1280 4306; baseline -0.003 -19"><span class='ocrx_word' id='word_1_289' title='bbox 196 4222 279 4287; x_wconf 89' lang='lat' dir='ltr'><strong>haud</strong></span> <span class='ocrx_word' id='word_1_290' title='bbox 293 4244 379 4286; x_wconf 87' lang='lat' dir='ltr'><strong>secus</strong></span> <span class='ocrx_word' id='word_1_291' title='bbox 393 4245 427 4286; x_wconf 88' lang='lat' dir='ltr'><strong>ao</strong></span> <span class='ocrx_word' id='word_1_292' title='bbox 440 4223 507 4286; x_wconf 89' lang='lat' dir='ltr'><strong>loeo</strong></span> <span class='ocrx_word' id='word_1_293' title='bbox 520 4222 604 4286; x_wconf 90' lang='lat' dir='ltr'><strong>Ionis</strong></span> <span class='ocrx_word' id='word_1_294' title='bbox 616 4224 785 4306; x_wconf 89' lang='lat' dir='ltr'><strong>ceterisque</strong></span> <span class='ocrx_word' id='word_1_295' title='bbox 799 4222 972 4306; x_wconf 77' lang='lat' dir='ltr'><strong>Euripideis</strong></span> <span class='ocrx_word' id='word_1_296' title='bbox 985 4223 1035 4304; x_wconf 84' lang='lat' dir='ltr'><strong>(ol.</strong></span> <span class='ocrx_word' id='word_1_297' title='bbox 1053 4221 1121 4306; x_wconf 91' lang='lat' dir='ltr'><strong>Iph.</strong></span> <span class='ocrx_word' id='word_1_298' title='bbox 1134 4221 1167 4285; x_wconf 84' lang='grc' dir='ltr'><strong>Τ.</strong></span> <span class='ocrx_word' id='word_1_299' title='bbox 1183 4224 1280 4297; x_wconf 76' lang='lat'><strong>1042,</strong></span> 
     </span>
     <span class='ocr_line' id='line_1_35' title="bbox 198 4334 1282 4422; baseline -0.002 -22"><span class='ocrx_word' id='word_1_300' title='bbox 198 4336 266 4408; x_wconf 85' lang='lat' dir='ltr'><strong>Hel,</strong></span> <span class='ocrx_word' id='word_1_301' title='bbox 291 4340 355 4399; x_wconf 74' lang='lat'><strong>429</strong></span> <span class='ocrx_word' id='word_1_302' title='bbox 380 4345 410 4400; x_wconf 84' lang='lat' dir='ltr'><strong>et</strong></span> <span class='ocrx_word' id='word_1_303' title='bbox 437 4339 534 4422; x_wconf 74' lang='lat'><em>1214)</em></span> <span class='ocrx_word' id='word_1_304' title='bbox 553 4335 780 4403; x_wconf 87' lang='lat' dir='ltr'><strong>substantivum</strong></span> <span class='ocrx_word' id='word_1_305' title='bbox 801 4359 866 4402; x_wconf 89' lang='lat' dir='ltr'><strong>esse</strong></span> <span class='ocrx_word' id='word_1_306' title='bbox 886 4334 1082 4412; x_wconf 87' lang='lat' dir='ltr'><strong>crediderim,</strong></span> <span class='ocrx_word' id='word_1_307' title='bbox 1106 4357 1168 4398; x_wconf 90' lang='lat' dir='ltr'><strong>nou</strong></span> <span class='ocrx_word' id='word_1_308' title='bbox 1185 4334 1282 4398; x_wconf 86' lang='lat' dir='ltr'><strong>adiec-</strong></span> 
     </span>
    </p>
   </div>
   <div class='ocr_carea' id='block_1_5' title="bbox 0 0 1560 4914">
    <p class='ocr_par' dir='ltr' id='par_1_6' title="bbox 0 0 1560 4914">
     <span class='ocr_line' id='line_1_36' title="bbox 0 0 1560 4914; baseline 0 1"><span class='ocrx_word' id='word_1_309' title='bbox 0 0 1560 4914; x_wconf 95' lang='lat' dir='ltr'><strong> </strong></span> 
     </span>
    </p>
   </div>
  </div>
 </body>
</html>
