3112 4914
597 392 850 437 couuuuraruus.
1203 371 1264 433 171

229 592 301 656 731.
325 589 492 654 construe:
518 591 541 654 si
564 588 598 665 δ’,
623 587 636 653 ὃ
659 592 702 665 μὴ
724 588 851 665 γένοιτο,
875 586 1022 665 συγχοὶνοι
1045 608 1073 650 σι
1097 581 1195 648 κακέ.
1219 582 1266 648 Of.

184 704 221 766 ad
246 707 319 768 671.
343 703 523 788 Impeditior
539 711 693 766 structura
708 703 826 786 peperit
842 703 1164 784 interpretamentum,
1183 697 1266 781 quod

184 816 276 880 habet
299 817 446 881 Stobaeus
470 818 497 882 εἴ
518 816 541 880 δ’
561 815 619 896 ἄρα
642 817 797 894 συμβαίνοι
821 840 849 879 σι
874 815 1105 894 δυσχερέστερον.
1131 812 1180 875 nd
1197 833 1268 887 τυγ-

182 930 296 1008 χάνοι
320 931 357 995 cf.
382 930 500 994 Hecub.
527 933 589 992 628
613 927 668 1008 ὅσῳ
690 933 758 993 κατ’
782 926 860 1006 ἦμαρ
882 927 1030 1005 τυγχάνει
1055 925 1142 1002 μηδὲν
1165 923 1265 988 κακόν.

230 1045 302 1108 739.
339 1044 496 1124 ἐμβλέψαι
532 1044 670 1128 probavit
705 1042 894 1105 Valckenaar
932 1039 1061 1127 Distrib.
1093 1060 1160 1122 pag.
1195 1037 1268 1101 178.

183 1155 308 1239 Recepit
333 1178 400 1221 cum
425 1157 585 1221 Diridorfio
609 1157 729 1222 Nauck.

230 1273 291 1334 rso
306 1272 412 1335 ῃιιι.
436 1270 520 1335 sss.
546 1270 665 1346 exin,
683 1252 728 1346 ‘4³
755 1273 816 1351 rsa
843 1269 924 1333 erue.
948 1267 1026 1332 Mor.
1052 1289 1119 1352 pag.
1137 1265 1217 1329 ser
1236 1271 1267 1329 ee

185 1386 225 1445 69
245 1388 287 1460 A,
313 1384 413 1450 Schol.
439 1385 524 1449 Pind.
549 1385 637 1450 Nem.
662 1384 752 1462 VIII,
779 1389 829 1450 73.
854 1384 994 1448 Krscsn.

224 1500 304 1562 733.
326 1496 450 1578 ὥσπερ
473 1535 518 1548 -
540 1499 591 1563 σύ.
619 1499 710 1582 Epicu
730 1499 834 1562 tmesis
858 1499 894 1568 ὡς
918 1496 954 1561 συ’
973 1520 1026 1575 σεο
1046 1518 1064 1559 a
1083 1494 1268 1578 tragicorum

184 1633 322 1675 sermone
344 1613 443 1676 aliens
467 1613 595 1676 videtur.

230 1728 301 1790 734.
325 1722 421 1800 ὅμως
444 1719 529 1800 οὖσ’,
552 1727 572 1791 i.
594 1748 618 1790 e.
642 1726 746 1805 καίπερ
770 1722 850 1790 οὖσα.
888 1724 984 1787 Post
1006 1720 1071 1810 [aut
1092 1720 1173 1809 ante]
1193 1743 1271 1804 par-

184 1839 376 1922 ticipium
401 1835 477 1915 ilaue
502 1840 671 1922 ponitur
695 1839 752 1900 ita
775 1846 819 1901 ut
843 1838 1006 1922 protasi
1029 1836 1192 1918 quidem
1216 1834 1270 1897 sit

184 1951 439 2029 adiunctum,
469 1951 536 2014 sed
567 1951 612 2014 ed
637 1952 838 2034 spodosin
862 1951 1086 2035 pertineat.
1123 1949 1269 2011 Drnnoau

183 2067 242 2128 lea.
267 2065 356 2148 sepa.
382 2086 450 2149 pag.
476 2067 542 2128 344
560 2064 596 2128 Β.

231 2180 304 2242 737.
329 2178 514 2254 ἐκγόνους
537 2185 687 2262 potestate
702 2178 862 2241 transitiva
879 2179 1018 2262 posuisse
1035 2176 1156 2239 videtur
1171 2196 1272 2239 recen·
1297 2248 1302 2259 .

184 2290 295 2354 tissimi
319 2293 384 2354 aevi
406 2292 622 2375 interpolator,
648 2292 703 2375 qui
726 2314 788 2355 non
813 2291 965 2354 intellexit
987 2291 1024 2354 ad
1049 2288 1269 2368 καταισχύνασ’

184 2403 263 2484 ἔχεις
288 2429 303 2468 e
328 2428 369 2468 vs.
395 2409 456 2470 735
482 2414 583 2469 mente
608 2405 806 2489 repetendum
833 2427 897 2468 esse
922 2405 1106 2483 γεννήτορας.
1145 2402 1272 2466 Frustra

185 2518 278 2601 igitur
298 2519 470 2602 corrigitur.
496 2519 649 2597 Ἐγγενεῖς
663 2519 791 2582 coniecit
807 2518 985 2601 Musgrave‚
1002 2520 1129 2593 εὐγενεῖς
1143 2516 1269 2590 Reiske,

184 2631 230 2695 ἕν’
247 2632 345 2707 γένους
375 2631 483 2696 Bothe.
515 2633 581 2716 Ego
613 2654 733 2696 versum
758 2633 914 2696 inficetum
938 2631 1073 2715 expunxi
1105 2633 1273 2713 Veralupca

184 2743 241 2821 IV,
267 2749 297 2820 9,
324 2768 350 2828 p.
378 2748 449 2810 179.
471 2745 619 2809 Similiter
640 2744 861 2829 interpretandi
878 2742 973 2808 libido
990 2744 1138 2827 originem
1152 2743 1272 2807 dedisse

185 2858 306 2922 videtur
337 2859 570 2941 languidissimo
603 2859 752 2922 versiculo
785 2868 814 2922 et
845 2859 883 2923 ab
915 2858 1010 2921 animi
1039 2857 1215 2921 conditione
1239 2858 1272 2920 in

176 2993 245 3054 ,qua
279 2974 356 3036 Aiax
389 2981 525 3036 versatur
557 2973 759 3049 alienissimo,
790 2974 843 3057 qui
867 2974 898 3036 in
923 2970 1078 3055 tragoedia
1103 2969 1273 3054 Sophoclea

186 3087 298 3170 excipit
322 3110 362 3151 vs.
388 3089 471 3150 815:

362 3200 375 3263 ὃ
398 3202 453 3276 μὲν
475 3206 614 3279 σφαγεὺς
640 3200 778 3276 ἔστηκεν,
805 3199 823 3282 ᾖ
848 3202 1027 3276 reparares.

363 3311 481 3396 [γένοιτ’
506 3312 559 3388 ἄν,
585 3312 744 3392 elcesaei
770 3313 936 3394 λογίζεσθαι
960 3315 1083 3398 σχολή]

232 3429 293 3490 738
312 3449 355 3509 sq.
390 3426 437 3491 Of.
464 3428 561 3490 nostri
585 3427 679 3490 Elect.
704 3432 779 3490 499.

231 3544 304 3605 740.
329 3548 635 3623 συνεκπονοῦσα,
661 3541 849 3606 adiuvans.
874 3539 1274 3605 Of.850.1niuriaRsiske

182 3655 437 3731 συνεσοσρύνουσοι.

231 3772 303 3834 741.
327 3771 577 3848 ἕκφύιιασσε,
610 3770 631 3832 i.
659 3791 682 3832 e.
711 3766 742 3831 εὖ
774 3769 924 3849 φύλασσε.
959 3767 1006 3831 cf.
1040 3766 1142 3832 Orest.
1170 3769 1272 3840 1295,

184 3881 276 3967 Soph.
297 3881 334 3945 Ο.
355 3883 488 3959 (1285,
513 3892 548 3946 ut
572 3880 665 3957 ἔξοιδα
689 3905 744 3966 pro
768 3880 799 3945 εὖ
822 3878 906 3960 οἶδα,
932 3880 992 3945 alia
1006 3881 1113 3944 mnlta.
1129 3917 1174 3928 -
1190 3878 1274 3943 ἕπου

184 4019 255 4061 νυν.
292 3994 439 4080 Correpta
471 3996 583 4059 vocalis
618 4005 727 4059 natura
751 3995 844 4079 longa
869 3996 900 4058 in
927 3992 1035 4057 vocula
1058 4002 1164 4068 NTN,
1191 3991 1273 4074 qnod

184 4111 291 4194 tragici
315 4108 432 4173 faciunt
458 4108 642 4192 ubicumque
667 4118 796 4172 metrum
823 4108 977 4192 postulat,
1004 4105 1115 4170 comici
1135 4127 1196 4169 non
1216 4104 1274 4168 nisi

184 4223 215 4286 in
247 4223 373 4306 parodia
403 4232 456 4286 aut
480 4223 718 4307 paratragoedia.
744 4260 788 4270 —
812 4224 898 4295 τιθεῖς
922 4221 1028 4304 scripsi
1054 4241 1124 4282 oum
1148 4217 1214 4282 cod.
1238 4215 1274 4279 (l.

184 4335 231 4401 Of.
256 4337 353 4402 Oobet
385 4340 457 4403 Vur.
481 4338 562 4401 Lect.
586 4359 614 4420 p.
640 4339 712 4401 221.
