3112 4914
458 1197 678 1282 nnnnnm
717 1154 774 1280 nn
812 1195 1103 1311 oonnmuum

229 1531 266 1595 ad
293 1555 333 1597 vs.
405 1537 433 1597 l.
456 1530 508 1594 De
530 1530 700 1616 prologis
719 1530 940 1615 Euripideis
956 1532 1131 1617 nuperrime
1147 1531 1210 1617 egit
1227 1530 1323 1610 Voss,

451 1666 556 1729 propr.
580 1647 635 1708 der
657 1645 727 1710 Lat.
750 1645 962 1728 Hauptsedute
984 1645 1016 1708 in
1042 1644 1132 1731 Helle
1159 1647 1254 1710 1873.

279 1806 298 1834 ,,
394 1746 436 1823 ⁴5.
459 1748 504 1821 Ut
527 1756 636 1822 Graeci
667 1745 804 1842 Delphos
829 1747 977 1822 vocabant
1001 1766 1138 1822 terrae
1163 1756 1324 1822 umbili-

454 1895 550 1951 cum,
575 1858 619 1936 sio
642 1880 733 1963 eaput
756 1895 877 1938 sacrum
902 1863 992 1958 regni
1011 1869 1153 1960 Incarum
1179 1873 1324 1939 audiebat

385 1972 388 1976 ⁴
452 1985 622 2064 Kutnko,
639 1987 722 2071 quod
739 2009 852 2051 nomen
870 2010 994 2072 prorsus
1010 1988 1091 2054 idem
1105 1989 1267 2074 signifieat.
1280 2027 1323 2039 -

453 2099 563 2165 Verbis
588 2088 704 2166 neutris
728 2123 798 2165 oum
823 2110 931 2186 quarto
955 2087 1027 2166 odsu'
1053 2104 1096 2168 sio
1112 2103 1226 2168 iuuetis
1245 2103 1323 2167 adde

454 2217 564 2281 κεῖσθαι
589 2215 720 2280 Philoot.
748 2218 821 2296 145.
920 2226 923 2232 '
1298 2195 1300 2200 Ι

278 2376 297 2406 ,,
408 2331 435 2394 7.
460 2328 506 2409 Of.
530 2328 632 2414 Ipbig.
654 2325 677 2418 ⁴i.
701 2328 735 2394 Τ.
763 2331 847 2415 1263
864 2350 910 2412 sq.
968 2409 970 2413 .
1091 2324 1094 2328 ⁴

281 2489 300 2518 „
389 2445 438 2506 19.
462 2432 509 2506 Of.
533 2443 571 2506 ad
598 2445 693 2507 1209.
712 2434 790 2506 ¹Non
806 2442 916 2526 ignoro
933 2443 1082 2526 quae'bao
1098 2445 1136 2508 de
1153 2444 1325 2529 rescripsit

302 2538 304 2542 Α
463 2555 653 2620 Valckenasr
674 2554 712 2618 ad
729 2555 844 2638 Pboen.
861 2557 985 2640 peto,
1005 2556 1056 2620 sed
1075 2557 1207 2641 diligens
1224 2557 1336 2622 obser·'

460 2667 541 2731 vetio
571 2667 658 2745 feeit,
691 2674 727 2731 ut
756 2665 847 2753 bodie
878 2659 990 2730 melius
1013 2668 1145 2732 sciamus
1169 2690 1261 2752 quem
1284 2669 1325 2732 sit

370 2781 372 2786 ’
457 2780 592 2845 sublesta
620 2780 760 2845 codicum
784 2779 1020 2865 Euripideorum
1044 2781 1119 2846 fides
1144 2766 1323 2868 praesertim

458 2881 577 2959 eorumn
595 2880 763 2973 librorum,
795 2888 907 2988 quibus
931 2895 1127 2988 eontinentur
1151 2895 1178 2960 X
1203 2896 1325 2961 fabulae

456 3033 492 3074 ex
516 3011 635 3096 vulgari
658 3009 766 3074 ordine
791 2986 970 3094 postremae.
1047 3003 1048 3008 ¹
1074 3014 1076 3018 ’

278 3173 297 3201 ,,
384 3127 436 3191 27.
460 3128 496 3198 ὥς
510 3125 698 3212 θανουμένῳ..
713 3125 834 3189 Terent.
853 3124 1064 3190 Heautontim.
1081 3122 1137 3202 IV,
1154 3121 1186 3205 ⁴1,
1203 3128 1245 3200 36
1258 3148 1324 3212 sqq.

460 3248 496 3304 ut
520 3238 633 3303 stultae
651 3217 688 3302 ‘et
704 3238 830 3302 miserae
847 3260 952 3302 omnes
968 3255 1075 3302 sumus
1091 3238 1323 3327 Religiosue,

458 3375 529 3417 eum
553 3353 762 3438 exponendam
781 3340 826 3416 do
850 3351 915 3432 illi,
939 3351 977 3416 de
1001 3351 1099 3439 digito
1123 3353 1252 3418 anulum
1265 3353 1325 3420 De·

457 3467 563 3545 traho,
589 3476 618 3532 et
642 3476 714 3531 eum
737 3466 806 3579 dieo
830 3452 865 3548 ut
889 3488 951 3530 unu
974 3488 1044 3531 oum
1069 3467 1171 3552 puella
1194 3489 1325 3576 expone·

456 3587 520 3658 ret,
554 3579 586 3643 Si
613 3585 795 3657 moreret,ur
821 3602 867 3643 ne
890 3601 1034 3664 expers
1058 3581 1190 3688 partis
1214 3589 1339 3646 esset

456 3664 838 3758 denostrisbonis.
883 3691 889 3699 ”

278 3854 299 3883 ,,
388 3809 429 3872 74
453 3830 498 3893 sq.
498 3805 649 3892 Spurios
673 3829 738 3871 esse
762 3806 821 3870 hoo
845 3829 903 3872 vss.
928 3805 975 3869 vel
993 3806 1065 3871 inde
1082 3818 1223 3892 apparet,
1241 3808 1325 3893 quod

458 3921 523 4007 ipse
544 3909 755 3985 Ion'vooatur
777 3920 874 3984 Asiae
900 3919 1051 3999 eonditor,
1072 3944 1162 4010 quem
1180 3945 1242 3987 rem
1259 3923 1325 4008 ipse

458 4043 548 4121 poete
571 4057 629 4100 vss.
655 4037 739 4098 1581
758 4055 825 4119 sqq.
848 4034 964 4099 rectius
988 4024 1097 4100 tribuit
1119 4035 1206 4100 Ionis
1225 4045 1325 4122 poste·

457 4150 499 4214 ris
532 4148 579 4213 vel
609 4171 649 4235 po
651 4148 714 4212 tius
745 4146 791 4213 lv
824 4147 987 4226 tribubus,
1021 4147 1146 4235 quibus
1162 4150 1247 4214 Ionis
1269 4152 1326 4215 filii

458 4263 584 4328 nomina
607 4286 663 4328 sue
686 4262 870 4347 imposuisse
894 4261 1105 4328 credebantur.
1137 4263 1185 4329 Of.
1211 4264 1323 4346 Grote‚

359 4354 362 4359 ⁴
448 4352 542 4444 Hie.
565 4377 680 4463 ofGr.
704 4376 756 4439 lu
760 4381 824 4461 ,p
854 4379 915 4440 1Ὶό
932 4388 1025 4462 sqq
