3112 4914
613 394 865 440 connnurnnrns.
1241 380 1286 448 83

196 589 316 673 tripode
351 596 380 653 et
415 589 452 652 de
489 587 598 672 Pythie
631 587 787 652 Diodorus
820 587 841 652 l.
878 587 897 653 l.
932 587 1027 669 σκύτη
1062 588 1091 651 δέ
1125 587 1281 673 (Pythiae)

195 704 468 778 κατασκευασθῆναι
507 691 673 785 (λέγεταιρ
690 701 879 783 μηχανημα,
913 702 963 782 ἐφ’
998 698 1031 777 ἣν
1065 702 1281 779 θναβαῖνουσαν

182 820 341 900 7οέσςθαλιῖις
372 816 555 897 ε’νθουσιύζειν
587 819 635 881 καὶ
668 815 864 894 μαντεύεσθαι
900 825 959 889 τοῖς
987 817 1180 895 βουλομένοις.
1210 815 1281 882 εῖναι

196 933 224 995 δὲ
253 932 305 1006 την
337 934 475 1012 μηχανὴν
504 939 578 1010 τρεῖς
607 931 734 1012 ἔχουσαν
757 931 877 1010 βάσεις,
902 932 960 1012 αφ’
985 928 1020 994 ὧν
1043 934 1135 1006 αὐτην
1159 933 1280 1012 τρίποδα

195 1041 349 1120 κληθῆναι·
371 1044 477 1124 σχεθθν
500 1045 529 1109 δὲ
548 1044 658 1116 παντὸς
680 1050 731 1109 τοῦ
747 1044 1035 1120 κατασκευάσματος
1052 1047 1279 1122 ιῖπομιμημασα

195 1158 324 1237 γίνεσθαι
356 1161 422 1231 τοὺς
445 1158 486 1223 ἔτι
510 1160 560 1223 καὶ
584 1165 631 1224 νῦν
655 1159 960 1240 κατασκευαζομένους
986 1166 1119 1241 χαλκοῦς
1144 1160 1279 1240 τρίποδας

196 1274 293 1358 (qnod
313 1297 403 1338 nemo
423 1273 511 1337 facile
534 1296 639 1337 verum
664 1293 728 1336 esse
752 1272 810 1336 sibi
834 1272 1042 1359 persuadebit)
1061 1311 1100 1322 -
1118 1275 1280 1355 θεσπιῳδεῖν

195 1386 224 1450 δὲ
257 1390 401 1467 τάρχαῖον
432 1389 555 1464 λέγεται
592 1384 743 1467 παρθένους
774 1386 820 1451 θινὶ
847 1411 881 1451 σε
912 1387 945 1452 τὸ
975 1396 1028 1461 τῆς
1058 1386 1174 1469 Φύσεως
1197 1388 1279 1453 οἱδια-

194 1502 295 1584 φθορον
329 1501 378 1565 καὶ
415 1502 448 1565 τὸ
482 1510 535 1575 της
566 1499 732 1580 Ἀρτέμιδος
756 1501 911 1577 θμοχενές·
935 1501 1050 1572 ταύτας
1074 1501 1133 1580 χοὶρ
1156 1503 1279 1566 εὐθετεῖν

195 1616 262 1695 πρὸς
286 1616 317 1680 τὸ
340 1624 434 1695 τηρεῖν
456 1615 627 1696 τιέπύρρητα
650 1621 705 1679 τῶν
728 1615 1001 1696 χρησμῳθουμένιον.
1030 1617 1058 1679 ἕν
1082 1616 1112 1678 δὲ
1133 1624 1192 1688 τοῖς
1216 1643 1279 1681 νευ-

194 1730 281 1809 τέροις
311 1729 421 1809 χρόνοις
453 1728 548 1812 φασὶν
579 1728 762 1808 Ἐχεκροέτην
794 1729 842 1793 τὸν
870 1729 1023 1794 Θετταλὸν
1046 1729 1278 1808 παραγενόμενον

194 1844 233 1915 εἰς
250 1843 282 1907 τὸ
298 1843 467 1922 χρηστήριον
483 1881 527 1891 -
542 1843 707 1919 βιάσασθαι
725 1844 788 1924 (την
803 1843 938 1926 Πυθίαν)·
955 1843 1020 1915 τοὺς
1037 1843 1067 1906 δὲ
1083 1845 1220 1924 Δελφούς
1233 1883 1277 1893 -

193 1957 379 2033 νομοθετῆσαι
402 1958 507 2033 μηκέτι
531 1955 664 2035 παρθένον
687 1954 923 2036 χρηστηριοέζειν,
951 1957 1034 2020 αλλθι
1058 1965 1187 2031 γυναῖκα
1210 1981 1278 2021 πεν-

193 2071 320 2145 τηκύντα
353 2073 440 2147 ἑτῶν,
477 2072 644 2147 κοσμεῖσθαι
676 2070 699 2133 θ’
727 2071 818 2143 αὐτην
842 2072 994 2151 παρθενικῇ
1018 2081 1124 2151 σκευῇ,
1147 2071 1277 2152 καθαπερ

180 2185 381 2260 Ιὑπομνήματι
411 2191 464 2257 τῆς
495 2186 629 2255 παλαιοῖς
653 2170 836 2263 προφητιθος.
861 2183 907 2248 Of.
931 2183 1040 2247 Strabo
1064 2184 1122 2261 IX,
1148 2208 1175 2268 p.
1200 2189 1276 2250 419.

192 2295 293 2373 Loco,
318 2318 408 2378 quem
432 2302 614 2372 tractemus,
639 2296 750 2380 Pythio
773 2319 878 2361 canere
899 2298 1012 2361 dicitnr
1028 2321 1105 2381 qnae
1121 2300 1186 2382 ipse
1202 2277 1277 2362 deus

193 2410 373 2493 praecinerit
404 2410 585 2495 (κελαδήση).
622 2408 667 2473 Cf.
691 2410 845 2494 Theognis
871 2415 932 2476 805
951 2435 995 2496 sq.

238 2528 290 2588 92.
328 2526 492 2606 Δελφίς.
537 2523 727 2608 Delphorum
763 2548 872 2589 nomen
909 2526 1041 2609 primum
1076 2528 1208 2591 occurrit
1243 2530 1274 2592 in
1313 2519 1316 2524 ’
1394 2615 1398 2623 1

192 2637 305 2722 hymno
340 2638 501 2701 Homerico
537 2639 568 2701 in
605 2638 734 2702 Dionem
772 2642 832 2702 14:
861 2646 989 2722 Δελφῶν
1012 2643 1041 2711 ές
1068 2642 1153 2704 τιόνα
1177 2641 1275 2720 δῆμον.

191 2750 311 2816 Nomen
337 2753 493 2836 antiquins
518 2759 562 2814 est
586 2755 685 2828 Πυθοῖ,
709 2754 862 2817 ε.’Πυθύν.
893 2753 930 2819 ΙΙ.
954 2753 1010 2818 ΙΧ.
1035 2757 1100 2817 404
1117 2777 1179 2838 sq.:

326 2864 381 2930 οὐδ’
404 2864 459 2930 θσα
482 2866 579 2938 λιῖινος
600 2867 677 2938 crille
700 2869 845 2948 ιῖφθτορος
868 2869 946 2939 ἐντὸς
971 2868 1061 2949 ἐέργει

325 2976 430 3055 Φοῖβον
453 2976 637 3050 Ἀπόλλωνος
661 2980 750 3043 Πυθοῖ
769 2979 807 3043 ἐνὶ
832 2979 993 3061 πετρηέσση

191 3092 228 3155 de
260 3091 374 3174 quibus
405 3091 540 3155 versibus
572 3092 639 3155 vide
672 3114 749 3174 qnae
773 3107 896 3157 narrent
923 3093 1074 3156 Diodorus
1100 3093 1186 3170 XVI,
1213 3097 1272 3169 56,
1368 3099 1371 3106 ’

191 3204 289 3269 Strab.
323 3205 386 3280 ΙΧ,
418 3229 448 3289 p.
481 3209 563 3280 421,
587 3204 735 3268 Aelianus
759 3205 796 3270 V.
822 3205 860 3270 H.
885 3211 922 3283 6,
949 3212 978 3269 9.
1017 3207 1062 3269 De
1087 3207 1211 3270 oraculo
1235 3206 1271 3270 cf.

190 3317 249 3381 Od.
275 3317 371 3393 Vlll,
398 3322 439 3381 80
465 3327 494 3380 et
518 3317 580 3394 XI,
609 3321 683 3381 581.
718 3317 860 3382 Nominis
885 3319 1035 3403 originem
1057 3344 1074 3383 e
1098 3320 1188 3384 caede
1213 3343 1272 3384 ser·

189 3433 288 3516 pentis
312 3433 429 3495 derivet
452 3441 557 3496 auctor
581 3431 685 3516 hymni
708 3433 738 3495 in
764 3432 939 3518 Apollinem
967 3438 1044 3497 194:

321 3544 353 3621 ἐξ
375 3542 407 3609 οὗ
431 3551 478 3610 νύν
498 3547 580 3610 Πυθὼ
603 3547 801 3622 κικλήσκεται.
826 3548 849 3611 οἱ
875 3547 904 3612 δέ
927 3546 1045 3612 ἄνακτα

218 3728 219 3731 ,
320 3658 421 3724 Πύθιον
443 3659 593 3724 καλέουσιν
616 3661 779 3738 ἐπώνυμον,
803 3658 905 3726 ούνεκα
929 3663 996 3725 κεῖθι

321 3776 411 3837 αὐτοῦ
434 3778 511 3836 πῦσε
534 3773 628 3853 πέλωρ
650 3773 733 3850 μένος
757 3773 832 3849 ὀξέος
856 3774 967 3848 ἠελίοιο.

186 3887 291 3951 Tradit
315 3886 498 3950 Plutarchus
523 3885 583 3971 Op.
609 3887 689 3950 Mor.
713 3911 742 3971 p.
765 3891 846 3965 522,
864 3889 906 3951 eit
930 3887 1109 3970 Mnsgrave,
1130 3885 1268 3968 Pythiam

189 4002 295 4086 priscis
331 3997 519 4083 temporibus
556 4001 647 4064 semel
672 4008 787 4064 tentum
813 4002 845 4064 in
870 4023 949 4064 enno
973 3999 1096 4063 oracula
1120 3998 1268 4074 edidisse,

185 4125 290 4199 posteo
327 4136 397 4177 vero
433 4113 526 4176 semel
558 4113 588 4177 in
621 4137 724 4178 mense
756 4114 930 4178 facultatem
964 4115 1063 4175 Deum
1087 4111 1268 4175 consulendi

183 4250 357 4292 concessam
391 4250 465 4292 esse.
489 4264 534 4277 -
557 4227 654 4291 Fuere
678 4229 767 4292 etiam
793 4229 867 4291 certi
891 4227 954 4290 dies
978 4226 1149 4307 οῖποΦριθθες
1174 4225 1266 4301 dicti,

183 4341 295 4426 quibus
327 4364 388 4405 non
421 4339 532 4403 licebat
556 4342 732 4420 θεμιστεύειν
757 4340 808 4424 (cl.
832 4340 914 4405 Plut.
940 4341 1027 4404 Alex.
1053 4361 1076 4402 c.
1103 4339 1170 4422 14).
1207 4337 1265 4400 Sed

453 4459 456 4468 .
1134 4451 1165 4499 6*
