<?xml version="1.0" encoding="UTF-8"?>
<!DOCTYPE html PUBLIC "-//W3C//DTD XHTML 1.0 Transitional//EN"
    "http://www.w3.org/TR/xhtml1/DTD/xhtml1-transitional.dtd">
<html xmlns="http://www.w3.org/1999/xhtml" xml:lang="en" lang="en">
 <head>
  <title>
</title>
<meta http-equiv="Content-Type" content="text/html;charset=utf-8" />
  <meta name='ocr-system' content='tesseract 3.04.00' />
  <meta name='ocr-capabilities' content='ocr_page ocr_carea ocr_par ocr_line ocrx_word'/>
</head>
<body>
  <div class='ocr_page' id='page_1' title='image "./in00herwgoog_0251.png"; bbox 0 0 3112 4914; ppageno 0'>
   <div class='ocr_carea' id='block_1_1' title="bbox 249 385 924 452">
    <p class='ocr_par' dir='ltr' id='par_1_1' title="bbox 249 385 924 452">
     <span class='ocr_line' id='line_1_1' title="bbox 249 385 924 452; baseline 0.001 -1"><span class='ocrx_word' id='word_1_1' title='bbox 249 385 314 452; x_wconf 78' lang='lat'><strong>228</strong></span> <span class='ocrx_word' id='word_1_2' title='bbox 670 405 924 452; x_wconf 70' lang='lat' dir='ltr'><strong>conmonuemus</strong></span> 
     </span>
    </p>
   </div>
   <div class='ocr_carea' id='block_1_2' title="bbox 247 598 1340 680">
    <p class='ocr_par' dir='ltr' id='par_1_2' title="bbox 247 598 1340 680">
     <span class='ocr_line' id='line_1_2' title="bbox 247 598 1340 680; baseline 0.003 -16"><span class='ocrx_word' id='word_1_3' title='bbox 247 600 368 680; x_wconf 76' lang='grc' dir='ltr'><em>ἀνδραίῳ</em></span> <span class='ocrx_word' id='word_1_4' title='bbox 398 600 479 664; x_wconf 80' lang='grc' dir='ltr'><em>κύτει</em></span> <span class='ocrx_word' id='word_1_5' title='bbox 509 599 678 680; x_wconf 76' lang='grc' dir='ltr'><em>βούπρῳρος.</em></span> <span class='ocrx_word' id='word_1_6' title='bbox 707 598 807 664; x_wconf 88' lang='lat' dir='ltr'><strong>Orest.</strong></span> <span class='ocrx_word' id='word_1_7' title='bbox 843 603 927 665; x_wconf 88' lang='grc'><strong>1378</strong></span> <span class='ocrx_word' id='word_1_8' title='bbox 951 600 1093 665; x_wconf 82' lang='lat' dir='ltr'><strong>Oceanus</strong></span> <span class='ocrx_word' id='word_1_9' title='bbox 1118 601 1244 665; x_wconf 85' lang='lat' dir='ltr'><strong>vocatur</strong></span> <span class='ocrx_word' id='word_1_10' title='bbox 1265 627 1340 667; x_wconf 89' lang='grc' dir='ltr'><em>ταν-</em></span> 
     </span>
    </p>
   </div>
   <div class='ocr_carea' id='block_1_3' title="bbox 133 713 1338 802">
    <p class='ocr_par' dir='ltr' id='par_1_3' title="bbox 133 713 1338 802">
     <span class='ocr_line' id='line_1_3' title="bbox 133 713 1338 802; baseline 0.002 -25"><span class='ocrx_word' id='word_1_11' title='bbox 133 772 135 777; x_wconf 88' lang='grc'><strong>,</strong></span> <span class='ocrx_word' id='word_1_12' title='bbox 246 715 387 796; x_wconf 80' lang='grc' dir='ltr'><em>ράιιρανος.</em></span> <span class='ocrx_word' id='word_1_13' title='bbox 414 713 530 779; x_wconf 80' lang='lat' dir='ltr'><strong>Causae</strong></span> <span class='ocrx_word' id='word_1_14' title='bbox 554 737 608 778; x_wconf 88' lang='lat' dir='ltr'><strong>cur</strong></span> <span class='ocrx_word' id='word_1_15' title='bbox 631 715 675 779; x_wconf 85' lang='lat' dir='ltr'><strong>sic</strong></span> <span class='ocrx_word' id='word_1_16' title='bbox 695 723 963 799; x_wconf 79' lang='lat' dir='ltr'><strong>repraesententur</strong></span> <span class='ocrx_word' id='word_1_17' title='bbox 977 714 1016 780; x_wconf 90' lang='lat' dir='ltr'><strong>ab</strong></span> <span class='ocrx_word' id='word_1_18' title='bbox 1033 715 1201 780; x_wconf 80' lang='lat' dir='ltr'><strong>artificibus</strong></span> <span class='ocrx_word' id='word_1_19' title='bbox 1218 728 1248 781; x_wconf 87' lang='lat' dir='ltr'><strong>et</strong></span> <span class='ocrx_word' id='word_1_20' title='bbox 1265 739 1338 802; x_wconf 94' lang='lat' dir='ltr'><strong>poe-</strong></span> 
     </span>
    </p>
   </div>
   <div class='ocr_carea' id='block_1_4' title="bbox 189 826 1338 1822">
    <p class='ocr_par' dir='ltr' id='par_1_4' title="bbox 189 826 1338 1822">
     <span class='ocr_line' id='line_1_4' title="bbox 247 826 1336 916; baseline 0 -25"><span class='ocrx_word' id='word_1_21' title='bbox 247 830 287 891; x_wconf 88' lang='lat' dir='ltr'><strong>tis</strong></span> <span class='ocrx_word' id='word_1_22' title='bbox 311 829 410 891; x_wconf 84' lang='lat' dir='ltr'><strong>variae</strong></span> <span class='ocrx_word' id='word_1_23' title='bbox 432 828 606 892; x_wconf 87' lang='lat' dir='ltr'><strong>redduntur</strong></span> <span class='ocrx_word' id='word_1_24' title='bbox 630 851 647 891; x_wconf 93' lang='lat' dir='ltr'><strong>a</strong></span> <span class='ocrx_word' id='word_1_25' title='bbox 670 827 771 892; x_wconf 87' lang='lat' dir='ltr'><strong>Sohol.</strong></span> <span class='ocrx_word' id='word_1_26' title='bbox 794 827 833 891; x_wconf 85' lang='lat' dir='ltr'><strong>ad</strong></span> <span class='ocrx_word' id='word_1_27' title='bbox 856 826 954 893; x_wconf 87' lang='lat' dir='ltr'><strong>Orest.</strong></span> <span class='ocrx_word' id='word_1_28' title='bbox 978 828 998 893; x_wconf 87' lang='lat' dir='ltr'><strong>l.</strong></span> <span class='ocrx_word' id='word_1_29' title='bbox 1018 828 1037 893; x_wconf 93' lang='lat' dir='ltr'><strong>l.</strong></span> <span class='ocrx_word' id='word_1_30' title='bbox 1063 834 1093 892; x_wconf 91' lang='lat' dir='ltr'><strong>et</strong></span> <span class='ocrx_word' id='word_1_31' title='bbox 1116 828 1264 916; x_wconf 85' lang='lat' dir='ltr'><strong>Strabone</strong></span> <span class='ocrx_word' id='word_1_32' title='bbox 1288 827 1336 894; x_wconf 92' lang='lat' dir='ltr'><strong>IX</strong></span> 
     </span>
     <span class='ocr_line' id='line_1_5' title="bbox 247 941 1334 1028; baseline 0 -22"><span class='ocrx_word' id='word_1_33' title='bbox 247 965 340 1027; x_wconf 86' lang='lat' dir='ltr'><strong>prope</strong></span> <span class='ocrx_word' id='word_1_34' title='bbox 371 942 422 1007; x_wconf 88' lang='grc'><strong>1111.</strong></span> <span class='ocrx_word' id='word_1_35' title='bbox 467 941 548 1005; x_wconf 87' lang='lat' dir='ltr'><strong>Hinc</strong></span> <span class='ocrx_word' id='word_1_36' title='bbox 579 964 690 1006; x_wconf 91' lang='lat' dir='ltr'><strong>nomen</strong></span> <span class='ocrx_word' id='word_1_37' title='bbox 714 941 850 1005; x_wconf 86' lang='lat' dir='ltr'><strong>fluminis</strong></span> <span class='ocrx_word' id='word_1_38' title='bbox 874 947 988 1022; x_wconf 79' lang='grc' dir='ltr'><em>Ταῦρος</em></span> <span class='ocrx_word' id='word_1_39' title='bbox 1012 943 1074 1026; x_wconf 88' lang='lat' dir='ltr'><strong>(ap.</strong></span> <span class='ocrx_word' id='word_1_40' title='bbox 1098 941 1191 1027; x_wconf 85' lang='lat' dir='ltr'><strong>Soph.</strong></span> <span class='ocrx_word' id='word_1_41' title='bbox 1214 941 1250 1008; x_wconf 87' lang='lat' dir='ltr'><strong>fr.</strong></span> <span class='ocrx_word' id='word_1_42' title='bbox 1276 944 1334 1028; x_wconf 87' lang='grc'><strong>99)</strong></span> 
     </span>
     <span class='ocr_line' id='line_1_6' title="bbox 246 1055 1336 1141; baseline 0 -22"><span class='ocrx_word' id='word_1_43' title='bbox 246 1078 339 1141; x_wconf 89' lang='lat' dir='ltr'><strong>prope</strong></span> <span class='ocrx_word' id='word_1_44' title='bbox 363 1056 533 1132; x_wconf 83' lang='lat' dir='ltr'><strong>Troezena,</strong></span> <span class='ocrx_word' id='word_1_45' title='bbox 559 1056 643 1140; x_wconf 91' lang='lat' dir='ltr'><strong>quod</strong></span> <span class='ocrx_word' id='word_1_46' title='bbox 666 1078 720 1140; x_wconf 91' lang='lat' dir='ltr'><strong>pro</strong></span> <span class='ocrx_word' id='word_1_47' title='bbox 743 1056 849 1139; x_wconf 87' lang='lat' dir='ltr'><strong>inepto</strong></span> <span class='ocrx_word' id='word_1_48' title='bbox 872 1055 957 1127; x_wconf 76' lang='grc' dir='ltr'><em>αἰδώς</em></span> <span class='ocrx_word' id='word_1_49' title='bbox 973 1055 1182 1138; x_wconf 89' lang='lat' dir='ltr'><strong>reponendum</strong></span> <span class='ocrx_word' id='word_1_50' title='bbox 1201 1055 1336 1139; x_wconf 86' lang='lat' dir='ltr'><strong>suspica-</strong></span> 
     </span>
     <span class='ocr_line' id='line_1_7' title="bbox 246 1168 1333 1254; baseline -0.001 -20"><span class='ocrx_word' id='word_1_51' title='bbox 246 1169 301 1234; x_wconf 89' lang='lat' dir='ltr'><strong>bar</strong></span> <span class='ocrx_word' id='word_1_52' title='bbox 331 1169 473 1254; x_wconf 83' lang='lat' dir='ltr'><strong>Euripidi</strong></span> <span class='ocrx_word' id='word_1_53' title='bbox 507 1169 631 1254; x_wconf 92' lang='lat' dir='ltr'><strong>Hippol.</strong></span> <span class='ocrx_word' id='word_1_54' title='bbox 666 1173 706 1234; x_wconf 90' lang='grc'><strong>78</strong></span> <span class='ocrx_word' id='word_1_55' title='bbox 742 1171 887 1253; x_wconf 78' lang='lat' dir='ltr'><strong>Marmor.</strong></span> <span class='ocrx_word' id='word_1_56' title='bbox 919 1168 967 1232; x_wconf 85' lang='lat' dir='ltr'><strong>IV</strong></span> <span class='ocrx_word' id='word_1_57' title='bbox 999 1190 1065 1254; x_wconf 85' lang='lat' dir='ltr'><strong>pag.</strong></span> <span class='ocrx_word' id='word_1_58' title='bbox 1099 1171 1163 1232; x_wconf 89' lang='grc'><strong>369</strong></span> <span class='ocrx_word' id='word_1_59' title='bbox 1196 1191 1242 1253; x_wconf 91' lang='lat' dir='ltr'><strong>sq.</strong></span> <span class='ocrx_word' id='word_1_60' title='bbox 1287 1168 1333 1234; x_wconf 82' lang='lat' dir='ltr'><strong>Of.</strong></span> 
     </span>
     <span class='ocr_line' id='line_1_8' title="bbox 189 1281 1335 1368; baseline -0.005 -18"><span class='ocrx_word' id='word_1_61' title='bbox 189 1317 192 1323; x_wconf 96' lang='lat'>·</span> <span class='ocrx_word' id='word_1_62' title='bbox 248 1287 414 1368; x_wconf 77' lang='lat' dir='ltr'><strong>Verslapen</strong></span> <span class='ocrx_word' id='word_1_63' title='bbox 445 1283 501 1360; x_wconf 84' lang='lat' dir='ltr'><strong>IV,</strong></span> <span class='ocrx_word' id='word_1_64' title='bbox 536 1288 566 1361; x_wconf 88' lang='grc'><strong>9,</strong></span> <span class='ocrx_word' id='word_1_65' title='bbox 602 1286 672 1349; x_wconf 86' lang='grc'><strong>161.</strong></span> <span class='ocrx_word' id='word_1_66' title='bbox 697 1283 771 1368; x_wconf 86' lang='lat' dir='ltr'><strong>Hor.</strong></span> <span class='ocrx_word' id='word_1_67' title='bbox 796 1282 895 1346; x_wconf 83' lang='lat' dir='ltr'><strong>Oarm.</strong></span> <span class='ocrx_word' id='word_1_68' title='bbox 920 1281 977 1359; x_wconf 87' lang='lat' dir='ltr'><strong>IV,</strong></span> <span class='ocrx_word' id='word_1_69' title='bbox 1006 1285 1046 1346; x_wconf 95' lang='grc'><strong>14</strong></span> <span class='ocrx_word' id='word_1_70' title='bbox 1071 1283 1335 1347; x_wconf 80' lang='lat' dir='ltr'><strong>tauriformis</strong></span> 
     </span>
     <span class='ocr_line' id='line_1_9' title="bbox 245 1396 1334 1481; baseline 0.001 -23"><span class='ocrx_word' id='word_1_71' title='bbox 245 1396 432 1461; x_wconf 85' lang='lat' dir='ltr'><strong>volvitur</strong></span> <span class='ocrx_word' id='word_1_72' title='bbox 456 1396 644 1462; x_wconf 84' lang='lat' dir='ltr'><strong>Aufidus.</strong></span> <span class='ocrx_word' id='word_1_73' title='bbox 679 1397 795 1460; x_wconf 89' lang='lat' dir='ltr'><strong>Horum</strong></span> <span class='ocrx_word' id='word_1_74' title='bbox 820 1396 959 1460; x_wconf 89' lang='lat' dir='ltr'><strong>locorum</strong></span> <span class='ocrx_word' id='word_1_75' title='bbox 982 1405 1100 1481; x_wconf 88' lang='lat' dir='ltr'><strong>partem</strong></span> <span class='ocrx_word' id='word_1_76' title='bbox 1124 1397 1184 1461; x_wconf 88' lang='lat' dir='ltr'><strong>iam</strong></span> <span class='ocrx_word' id='word_1_77' title='bbox 1202 1397 1334 1461; x_wconf 81' lang='lat' dir='ltr'><strong>contulit</strong></span> 
     </span>
     <span class='ocr_line' id='line_1_10' title="bbox 245 1509 1338 1594; baseline 0.001 -21"><span class='ocrx_word' id='word_1_78' title='bbox 245 1509 380 1586; x_wconf 79' lang='lat' dir='ltr'><strong>BurneS,</strong></span> <span class='ocrx_word' id='word_1_79' title='bbox 406 1511 461 1593; x_wconf 92' lang='lat' dir='ltr'><strong>qui</strong></span> <span class='ocrx_word' id='word_1_80' title='bbox 485 1518 588 1574; x_wconf 90' lang='lat' dir='ltr'><strong>monet</strong></span> <span class='ocrx_word' id='word_1_81' title='bbox 612 1509 780 1594; x_wconf 81' lang='lat' dir='ltr'><strong>Cephisum</strong></span> <span class='ocrx_word' id='word_1_82' title='bbox 796 1519 912 1594; x_wconf 85' lang='lat' dir='ltr'><strong>petrem</strong></span> <span class='ocrx_word' id='word_1_83' title='bbox 929 1510 1024 1574; x_wconf 86' lang='lat' dir='ltr'><strong>fuisse</strong></span> <span class='ocrx_word' id='word_1_84' title='bbox 1041 1510 1233 1594; x_wconf 85' lang='lat' dir='ltr'><strong>Diogeneae,</strong></span> <span class='ocrx_word' id='word_1_85' title='bbox 1256 1530 1338 1594; x_wconf 84' lang='lat' dir='ltr'><strong>quae·</strong></span> 
     </span>
     <span class='ocr_line' id='line_1_11' title="bbox 244 1621 1334 1706; baseline 0 -20"><span class='ocrx_word' id='word_1_86' title='bbox 244 1621 404 1686; x_wconf 84' lang='lat' dir='ltr'><strong>Phrasimo</strong></span> <span class='ocrx_word' id='word_1_87' title='bbox 429 1633 527 1706; x_wconf 88' lang='lat' dir='ltr'><strong>nupta</strong></span> <span class='ocrx_word' id='word_1_88' title='bbox 551 1623 702 1706; x_wconf 84' lang='lat' dir='ltr'><strong>pepererit</strong></span> <span class='ocrx_word' id='word_1_89' title='bbox 719 1622 911 1687; x_wconf 81' lang='lat' dir='ltr'><strong>Praxitheam</strong></span> <span class='ocrx_word' id='word_1_90' title='bbox 929 1622 1114 1701; x_wconf 83' lang='lat' dir='ltr'><strong>Erechthei,</strong></span> <span class='ocrx_word' id='word_1_91' title='bbox 1131 1624 1185 1706; x_wconf 87' lang='lat' dir='ltr'><strong>qui</strong></span> <span class='ocrx_word' id='word_1_92' title='bbox 1201 1622 1334 1687; x_wconf 74' lang='lat' dir='ltr'><strong>Creusae</strong></span> 
     </span>
     <span class='ocr_line' id='line_1_12' title="bbox 244 1736 1332 1822; baseline 0.002 -23"><span class='ocrx_word' id='word_1_93' title='bbox 244 1744 329 1820; x_wconf 84' lang='lat' dir='ltr'><strong>pater</strong></span> <span class='ocrx_word' id='word_1_94' title='bbox 363 1736 439 1814; x_wconf 87' lang='lat' dir='ltr'><strong>fuit,</strong></span> <span class='ocrx_word' id='word_1_95' title='bbox 476 1758 619 1813; x_wconf 86' lang='lat' dir='ltr'><strong>uxorem,</strong></span> <span class='ocrx_word' id='word_1_96' title='bbox 655 1736 692 1801; x_wconf 89' lang='lat' dir='ltr'><strong>cl.</strong></span> <span class='ocrx_word' id='word_1_97' title='bbox 724 1737 870 1821; x_wconf 91' lang='lat' dir='ltr'><strong>Apollod.</strong></span> <span class='ocrx_word' id='word_1_98' title='bbox 902 1737 972 1813; x_wconf 94' lang='grc' dir='ltr'><strong>ΙΙΙ,</strong></span> <span class='ocrx_word' id='word_1_99' title='bbox 1008 1741 1068 1815; x_wconf 94' lang='grc'><strong>14,</strong></span> <span class='ocrx_word' id='word_1_100' title='bbox 1096 1741 1123 1804; x_wconf 93' lang='grc'><strong>1.</strong></span> <span class='ocrx_word' id='word_1_101' title='bbox 1163 1737 1332 1822; x_wconf 74' lang='lat' dir='ltr'><strong>Cephisum</strong></span> 
     </span>
    </p>
   </div>
   <div class='ocr_carea' id='block_1_5' title="bbox 139 1850 831 1936">
    <p class='ocr_par' dir='ltr' id='par_1_5' title="bbox 139 1850 831 1936">
     <span class='ocr_line' id='line_1_13' title="bbox 139 1850 831 1936; baseline -0.003 -18"><span class='ocrx_word' id='word_1_102' title='bbox 139 1920 143 1928; x_wconf 79' lang='grc'><strong>,</strong></span> <span class='ocrx_word' id='word_1_103' title='bbox 242 1853 401 1917; x_wconf 80' lang='grc' dir='ltr'><em>καλλίναον</em></span> <span class='ocrx_word' id='word_1_104' title='bbox 424 1860 515 1936; x_wconf 82' lang='lat' dir='ltr'><strong>poeta</strong></span> <span class='ocrx_word' id='word_1_105' title='bbox 539 1860 626 1915; x_wconf 87' lang='lat' dir='ltr'><strong>vocat</strong></span> <span class='ocrx_word' id='word_1_106' title='bbox 650 1850 732 1915; x_wconf 91' lang='lat' dir='ltr'><strong>Med.</strong></span> <span class='ocrx_word' id='word_1_107' title='bbox 758 1855 831 1916; x_wconf 88' lang='grc'><strong>335.</strong></span> 
     </span>
    </p>
   </div>
   <div class='ocr_carea' id='block_1_6' title="bbox 213 1965 1331 2619">
    <p class='ocr_par' dir='ltr' id='par_1_6' title="bbox 213 1965 1331 2508">
     <span class='ocr_line' id='line_1_14' title="bbox 288 1965 1331 2050; baseline -0.002 -20"><span class='ocrx_word' id='word_1_108' title='bbox 288 1965 335 2030; x_wconf 90' lang='lat' dir='ltr'><strong>Ib.</strong></span> <span class='ocrx_word' id='word_1_109' title='bbox 359 1967 444 2045; x_wconf 79' lang='grc' dir='ltr'><em>ὄμμα</em></span> <span class='ocrx_word' id='word_1_110' title='bbox 468 1977 498 2030; x_wconf 89' lang='lat' dir='ltr'><strong>et</strong></span> <span class='ocrx_word' id='word_1_111' title='bbox 520 1966 610 2043; x_wconf 77' lang='grc' dir='ltr'><em>ὄνομα</em></span> <span class='ocrx_word' id='word_1_112' title='bbox 634 1966 853 2050; x_wconf 86' lang='lat' dir='ltr'><strong>periphrastioe</strong></span> <span class='ocrx_word' id='word_1_113' title='bbox 877 1966 1030 2029; x_wconf 84' lang='lat' dir='ltr'><strong>interdum</strong></span> <span class='ocrx_word' id='word_1_114' title='bbox 1056 1967 1197 2050; x_wconf 89' lang='lat' dir='ltr'><strong>usurpari</strong></span> <span class='ocrx_word' id='word_1_115' title='bbox 1222 1974 1331 2029; x_wconf 84' lang='lat' dir='ltr'><strong>notum</strong></span> 
     </span>
     <span class='ocr_line' id='line_1_15' title="bbox 243 2079 1329 2164; baseline -0.003 -19"><span class='ocrx_word' id='word_1_116' title='bbox 243 2091 298 2146; x_wconf 89' lang='lat' dir='ltr'><strong>est.</strong></span> <span class='ocrx_word' id='word_1_117' title='bbox 335 2081 381 2146; x_wconf 82' lang='lat' dir='ltr'><strong>Of.</strong></span> <span class='ocrx_word' id='word_1_118' title='bbox 413 2081 479 2145; x_wconf 90' lang='lat' dir='ltr'><strong>Alo.</strong></span> <span class='ocrx_word' id='word_1_119' title='bbox 515 2082 610 2157; x_wconf 89' lang='grc'><strong>1133,</strong></span> <span class='ocrx_word' id='word_1_120' title='bbox 635 2080 729 2164; x_wconf 87' lang='lat' dir='ltr'><strong>Soph.</strong></span> <span class='ocrx_word' id='word_1_121' title='bbox 752 2079 859 2144; x_wconf 85' lang='lat' dir='ltr'><strong>Traeh.</strong></span> <span class='ocrx_word' id='word_1_122' title='bbox 884 2082 959 2156; x_wconf 88' lang='grc'><strong>597,</strong></span> <span class='ocrx_word' id='word_1_123' title='bbox 988 2080 1034 2145; x_wconf 88' lang='lat' dir='ltr'><strong>Ai.</strong></span> <span class='ocrx_word' id='word_1_124' title='bbox 1059 2083 1140 2157; x_wconf 93' lang='grc'><strong>977,</strong></span> <span class='ocrx_word' id='word_1_125' title='bbox 1165 2087 1234 2144; x_wconf 87' lang='lat' dir='ltr'><strong>cett.</strong></span> <span class='ocrx_word' id='word_1_126' title='bbox 1270 2079 1329 2142; x_wconf 84' lang='lat' dir='ltr'><strong>sed</strong></span> 
     </span>
     <span class='ocr_line' id='line_1_16' title="bbox 242 2190 1328 2277; baseline -0.002 -18"><span class='ocrx_word' id='word_1_127' title='bbox 242 2195 309 2259; x_wconf 88' lang='lat' dir='ltr'><strong>loeo</strong></span> <span class='ocrx_word' id='word_1_128' title='bbox 332 2195 417 2259; x_wconf 86' lang='lat' dir='ltr'><strong>Aiec.</strong></span> <span class='ocrx_word' id='word_1_129' title='bbox 445 2197 505 2257; x_wconf 90' lang='lat'><strong>140</strong></span> <span class='ocrx_word' id='word_1_130' title='bbox 530 2195 654 2275; x_wconf 72' lang='grc' dir='ltr'><em>φήνας</em></span> <span class='ocrx_word' id='word_1_131' title='bbox 673 2196 710 2265; x_wconf 82' lang='grc' dir='ltr'><strong>ὡς</strong></span> <span class='ocrx_word' id='word_1_132' title='bbox 733 2190 828 2270; x_wconf 75' lang='grc' dir='ltr'><em>οἶμα</em></span> <span class='ocrx_word' id='word_1_133' title='bbox 851 2193 1014 2277; x_wconf 85' lang='lat' dir='ltr'><strong>legendum</strong></span> <span class='ocrx_word' id='word_1_134' title='bbox 1039 2216 1104 2257; x_wconf 86' lang='lat' dir='ltr'><strong>esse</strong></span> <span class='ocrx_word' id='word_1_135' title='bbox 1130 2195 1240 2277; x_wconf 85' lang='lat' dir='ltr'><strong>partim</strong></span> <span class='ocrx_word' id='word_1_136' title='bbox 1258 2210 1328 2257; x_wconf 88' lang='lat' dir='ltr'><strong>cum</strong></span> 
     </span>
     <span class='ocr_line' id='line_1_17' title="bbox 213 2308 1325 2393; baseline -0.002 -20"><span class='ocrx_word' id='word_1_137' title='bbox 213 2379 215 2385; x_wconf 18' lang='lat'><em>7</em></span> <span class='ocrx_word' id='word_1_138' title='bbox 241 2309 387 2374; x_wconf 88' lang='lat' dir='ltr'><strong>Piersono</strong></span> <span class='ocrx_word' id='word_1_139' title='bbox 419 2309 626 2374; x_wconf 86' lang='lat' dir='ltr'><strong>demonstrare</strong></span> <span class='ocrx_word' id='word_1_140' title='bbox 658 2315 786 2371; x_wconf 88' lang='lat' dir='ltr'><strong>conatus</strong></span> <span class='ocrx_word' id='word_1_141' title='bbox 815 2329 881 2371; x_wconf 88' lang='lat' dir='ltr'><strong>sum</strong></span> <span class='ocrx_word' id='word_1_142' title='bbox 906 2308 991 2372; x_wconf 69' lang='lat' dir='ltr'><strong>Stoa.</strong></span> <span class='ocrx_word' id='word_1_143' title='bbox 1016 2308 1090 2373; x_wconf 78' lang='lat' dir='ltr'><strong>Crat.</strong></span> <span class='ocrx_word' id='word_1_144' title='bbox 1116 2311 1156 2372; x_wconf 81' lang='lat' dir='ltr'><strong>ad</strong></span> <span class='ocrx_word' id='word_1_145' title='bbox 1172 2315 1253 2393; x_wconf 82' lang='lat' dir='ltr'><strong>poet.</strong></span> <span class='ocrx_word' id='word_1_146' title='bbox 1278 2310 1325 2372; x_wconf 87' lang='lat' dir='ltr'><strong>Sc.</strong></span> 
     </span>
     <span class='ocr_line' id='line_1_18' title="bbox 241 2419 1028 2508; baseline -0.004 -21"><span class='ocrx_word' id='word_1_147' title='bbox 241 2445 308 2508; x_wconf 81' lang='lat' dir='ltr'><strong>pag.</strong></span> <span class='ocrx_word' id='word_1_148' title='bbox 334 2425 353 2484; x_wconf 84' lang='grc'><strong>3</strong></span> <span class='ocrx_word' id='word_1_149' title='bbox 378 2446 422 2508; x_wconf 87' lang='lat' dir='ltr'><strong>sq.</strong></span> <span class='ocrx_word' id='word_1_150' title='bbox 461 2423 528 2485; x_wconf 88' lang='lat' dir='ltr'><strong>Hoc</strong></span> <span class='ocrx_word' id='word_1_151' title='bbox 552 2421 619 2485; x_wconf 88' lang='lat' dir='ltr'><strong>loco</strong></span> <span class='ocrx_word' id='word_1_152' title='bbox 642 2427 729 2499; x_wconf 80' lang='grc' dir='ltr'><em>σῶμα</em></span> <span class='ocrx_word' id='word_1_153' title='bbox 753 2420 883 2484; x_wconf 88' lang='lat' dir='ltr'><strong>coniecit</strong></span> <span class='ocrx_word' id='word_1_154' title='bbox 906 2419 1028 2484; x_wconf 83' lang='lat' dir='ltr'><strong>Nauck.</strong></span> 
     </span>
    </p>

    <p class='ocr_par' dir='ltr' id='par_1_7' title="bbox 290 2516 1325 2619">
     <span class='ocr_line' id='line_1_19' title="bbox 290 2516 1325 2619; baseline -0.001 -19"><span class='ocrx_word' id='word_1_155' title='bbox 290 2540 383 2601; x_wconf 88' lang='grc'><strong>1969.</strong></span> <span class='ocrx_word' id='word_1_156' title='bbox 416 2535 637 2615; x_wconf 76' lang='grc' dir='ltr'><em>ἔχιδναν-</em></span> <span class='ocrx_word' id='word_1_157' title='bbox 667 2534 857 2615; x_wconf 78' lang='grc' dir='ltr'><em>δράκοντα.</em></span> <span class='ocrx_word' id='word_1_158' title='bbox 895 2534 1004 2599; x_wconf 89' lang='lat' dir='ltr'><strong>Aesoh.</strong></span> <span class='ocrx_word' id='word_1_159' title='bbox 1029 2533 1106 2600; x_wconf 88' lang='lat' dir='ltr'><strong>Gho.</strong></span> <span class='ocrx_word' id='word_1_160' title='bbox 1130 2516 1206 2612; x_wconf 80' lang='grc'><strong>994,</strong></span> <span class='ocrx_word' id='word_1_161' title='bbox 1231 2534 1325 2619; x_wconf 86' lang='lat' dir='ltr'><strong>Soph.</strong></span> 
     </span>
    </p>
   </div>
   <div class='ocr_carea' id='block_1_7' title="bbox 125 2649 1323 2731">
    <p class='ocr_par' dir='ltr' id='par_1_8' title="bbox 125 2649 1323 2731">
     <span class='ocr_line' id='line_1_20' title="bbox 125 2649 1323 2731; baseline -0.002 -17"><span class='ocrx_word' id='word_1_162' title='bbox 125 2693 127 2697; x_wconf 29' lang='grc' dir='ltr'><em>ν</em></span> <span class='ocrx_word' id='word_1_163' title='bbox 241 2654 314 2715; x_wconf 86' lang='grc'><strong>11111.</strong></span> <span class='ocrx_word' id='word_1_164' title='bbox 348 2653 422 2727; x_wconf 87' lang='grc'><strong>531,</strong></span> <span class='ocrx_word' id='word_1_165' title='bbox 457 2651 523 2714; x_wconf 88' lang='lat' dir='ltr'><strong>Ale.</strong></span> <span class='ocrx_word' id='word_1_166' title='bbox 558 2652 622 2713; x_wconf 86' lang='grc'><strong>319</strong></span> <span class='ocrx_word' id='word_1_167' title='bbox 655 2649 769 2729; x_wconf 74' lang='grc' dir='ltr'><em>ε’χΙδννρς</em></span> <span class='ocrx_word' id='word_1_168' title='bbox 798 2649 875 2713; x_wconf 74' lang='grc' dir='ltr'><em>οὐδὲν</em></span> <span class='ocrx_word' id='word_1_169' title='bbox 898 2650 1061 2731; x_wconf 76' lang='grc' dir='ltr'><em>ἠπιώτερα,</em></span> <span class='ocrx_word' id='word_1_170' title='bbox 1087 2649 1235 2714; x_wconf 83' lang='lat' dir='ltr'><strong>Androm.</strong></span> <span class='ocrx_word' id='word_1_171' title='bbox 1261 2652 1323 2716; x_wconf 93' lang='grc'><strong>971</strong></span> 
     </span>
    </p>
   </div>
   <div class='ocr_carea' id='block_1_8' title="bbox 239 2749 1325 2846">
    <p class='ocr_par' dir='ltr' id='par_1_9' title="bbox 239 2749 1325 2846">
     <span class='ocr_line' id='line_1_21' title="bbox 239 2749 1325 2846; baseline -0.002 -16"><span class='ocrx_word' id='word_1_172' title='bbox 239 2767 353 2846; x_wconf 72' lang='grc' dir='ltr'><em>ἐχίδνης</em></span> <span class='ocrx_word' id='word_1_173' title='bbox 383 2765 431 2830; x_wconf 78' lang='grc' dir='ltr'><strong>καὶ</strong></span> <span class='ocrx_word' id='word_1_174' title='bbox 463 2765 548 2843; x_wconf 79' lang='grc' dir='ltr'><em>πνρὸς</em></span> <span class='ocrx_word' id='word_1_175' title='bbox 579 2763 752 2846; x_wconf 81' lang='grc' dir='ltr'><em>περαιτέρω,</em></span> <span class='ocrx_word' id='word_1_176' title='bbox 787 2764 839 2829; x_wconf 90' lang='lat' dir='ltr'><strong>Or.</strong></span> <span class='ocrx_word' id='word_1_177' title='bbox 872 2765 947 2840; x_wconf 90' lang='grc'><strong>479,</strong></span> <span class='ocrx_word' id='word_1_178' title='bbox 978 2767 1063 2827; x_wconf 87' lang='grc'><strong>1494</strong></span> <span class='ocrx_word' id='word_1_179' title='bbox 1088 2764 1102 2828; x_wconf 79' lang='lat' dir='ltr'><strong>o‘</strong></span> <span class='ocrx_word' id='word_1_180' title='bbox 1124 2749 1325 2846; x_wconf 76' lang='grc' dir='ltr'><em>μητροφόντας</em></span> 
     </span>
    </p>
   </div>
   <div class='ocr_carea' id='block_1_9' title="bbox 120 2865 1324 2963">
    <p class='ocr_par' dir='ltr' id='par_1_10' title="bbox 120 2865 1324 2963">
     <span class='ocr_line' id='line_1_22' title="bbox 120 2865 1324 2963; baseline -0.003 -17"><span class='ocrx_word' id='word_1_181' title='bbox 120 2865 121 2869; x_wconf 16' lang='lat'>¹</span> <span class='ocrx_word' id='word_1_182' title='bbox 239 2881 358 2963; x_wconf 76' lang='grc' dir='ltr'><em>δράααν.</em></span> <span class='ocrx_word' id='word_1_183' title='bbox 397 2881 555 2946; x_wconf 79' lang='grc'><strong>0111116</strong></span> <span class='ocrx_word' id='word_1_184' title='bbox 579 2881 638 2955; x_wconf 91' lang='lat' dir='ltr'><strong>ib.,</strong></span> <span class='ocrx_word' id='word_1_185' title='bbox 665 2879 748 2944; x_wconf 89' lang='lat' dir='ltr'><strong>Med.</strong></span> <span class='ocrx_word' id='word_1_186' title='bbox 773 2882 857 2943; x_wconf 83' lang='grc'><strong>1349</strong></span> <span class='ocrx_word' id='word_1_187' title='bbox 882 2876 1015 2956; x_wconf 82' lang='grc' dir='ltr'><em>λέαιναν,</em></span> <span class='ocrx_word' id='word_1_188' title='bbox 1037 2881 1068 2942; x_wconf 82' lang='grc' dir='ltr'><strong>οὐ</strong></span> <span class='ocrx_word' id='word_1_189' title='bbox 1092 2885 1222 2956; x_wconf 74' lang='grc' dir='ltr'><em>γυναῖκα</em></span> <span class='ocrx_word' id='word_1_190' title='bbox 1245 2878 1324 2955; x_wconf 65' lang='lat' dir='ltr'><strong>reri,</strong></span> 
     </span>
    </p>
   </div>
   <div class='ocr_carea' id='block_1_10' title="bbox 230 2991 1345 4420">
    <p class='ocr_par' dir='ltr' id='par_1_11' title="bbox 237 2991 1325 3414">
     <span class='ocr_line' id='line_1_23' title="bbox 239 2991 1325 3077; baseline -0.004 -16"><span class='ocrx_word' id='word_1_191' title='bbox 239 2997 276 3062; x_wconf 80' lang='lat' dir='ltr'><strong>ci.</strong></span> <span class='ocrx_word' id='word_1_192' title='bbox 299 2996 340 3060; x_wconf 92' lang='lat' dir='ltr'><strong>ib.</strong></span> <span class='ocrx_word' id='word_1_193' title='bbox 368 2997 449 3060; x_wconf 87' lang='grc'><strong>1357</strong></span> <span class='ocrx_word' id='word_1_194' title='bbox 468 3016 512 3077; x_wconf 87' lang='lat' dir='ltr'><strong>sq.</strong></span> <span class='ocrx_word' id='word_1_195' title='bbox 536 3003 566 3057; x_wconf 92' lang='lat' dir='ltr'><strong>et</strong></span> <span class='ocrx_word' id='word_1_196' title='bbox 594 2995 690 3070; x_wconf 88' lang='grc'><strong>1497,</strong></span> <span class='ocrx_word' id='word_1_197' title='bbox 715 2991 816 3058; x_wconf 87' lang='lat' dir='ltr'><strong>Orest.</strong></span> <span class='ocrx_word' id='word_1_198' title='bbox 837 2996 919 3056; x_wconf 87' lang='grc'><strong>1555</strong></span> <span class='ocrx_word' id='word_1_199' title='bbox 937 2993 1042 3056; x_wconf 73' lang='grc' dir='ltr'><em>δισσοῖν</em></span> <span class='ocrx_word' id='word_1_200' title='bbox 1060 2993 1198 3068; x_wconf 78' lang='grc' dir='ltr'><em>λεόντοιν,</em></span> <span class='ocrx_word' id='word_1_201' title='bbox 1219 2995 1250 3057; x_wconf 80' lang='grc' dir='ltr'><strong>οὐ</strong></span> <span class='ocrx_word' id='word_1_202' title='bbox 1266 2993 1325 3072; x_wconf 75' lang='grc' dir='ltr'><strong>νάρ</strong></span> 
     </span>
     <span class='ocr_line' id='line_1_24' title="bbox 237 3105 1325 3192; baseline -0.005 -17"><span class='ocrx_word' id='word_1_203' title='bbox 237 3109 315 3192; x_wconf 73' lang='grc' dir='ltr'><em>ἄνδρ’</em></span> <span class='ocrx_word' id='word_1_204' title='bbox 339 3111 417 3174; x_wconf 82' lang='grc' dir='ltr'><em>αὐτὼ</em></span> <span class='ocrx_word' id='word_1_205' title='bbox 439 3115 531 3173; x_wconf 79' lang='grc' dir='ltr'><em>καλῶ.</em></span> <span class='ocrx_word' id='word_1_206' title='bbox 556 3107 603 3173; x_wconf 86' lang='lat' dir='ltr'><strong>Cf.</strong></span> <span class='ocrx_word' id='word_1_207' title='bbox 625 3109 720 3171; x_wconf 89' lang='grc'><strong>1401.</strong></span> <span class='ocrx_word' id='word_1_208' title='bbox 739 3107 825 3172; x_wconf 87' lang='lat' dir='ltr'><strong>Dem.</strong></span> <span class='ocrx_word' id='word_1_209' title='bbox 841 3105 931 3184; x_wconf 83' lang='lat' dir='ltr'><strong>XXV</strong></span> <span class='ocrx_word' id='word_1_210' title='bbox 948 3109 965 3192; x_wconf 63' lang='grc'><strong>3</strong></span> <span class='ocrx_word' id='word_1_211' title='bbox 982 3110 1022 3170; x_wconf 90' lang='grc'><strong>59</strong></span> <span class='ocrx_word' id='word_1_212' title='bbox 1040 3116 1071 3170; x_wconf 86' lang='lat' dir='ltr'><strong>et</strong></span> <span class='ocrx_word' id='word_1_213' title='bbox 1086 3109 1103 3191; x_wconf 65' lang='grc'><strong>5</strong></span> <span class='ocrx_word' id='word_1_214' title='bbox 1119 3109 1172 3183; x_wconf 87' lang='grc'><strong>96,</strong></span> <span class='ocrx_word' id='word_1_215' title='bbox 1189 3105 1325 3190; x_wconf 79' lang='lat' dir='ltr'><strong>Theogn.</strong></span> 
     </span>
     <span class='ocr_line' id='line_1_25' title="bbox 239 3219 1322 3308; baseline -0.005 -21"><span class='ocrx_word' id='word_1_216' title='bbox 239 3227 301 3287; x_wconf 87' lang='grc'><strong>691</strong></span> <span class='ocrx_word' id='word_1_217' title='bbox 324 3246 367 3308; x_wconf 82' lang='lat' dir='ltr'><strong>sq,</strong></span> <span class='ocrx_word' id='word_1_218' title='bbox 407 3222 500 3307; x_wconf 84' lang='lat' dir='ltr'><strong>Apud</strong></span> <span class='ocrx_word' id='word_1_219' title='bbox 533 3221 679 3286; x_wconf 85' lang='lat' dir='ltr'><strong>Plautum</strong></span> <span class='ocrx_word' id='word_1_220' title='bbox 711 3221 974 3308; x_wconf 86' lang='lat' dir='ltr'><strong>saepemulieres</strong></span> <span class='ocrx_word' id='word_1_221' title='bbox 999 3221 1132 3306; x_wconf 81' lang='lat' dir='ltr'><strong>audiunt</strong></span> <span class='ocrx_word' id='word_1_222' title='bbox 1155 3219 1322 3306; x_wconf 84' lang='lat' dir='ltr'><strong>anguis,</strong></span> 
     </span>
     <span class='ocr_line' id='line_1_26' title="bbox 237 3332 1141 3414; baseline 0.001 -12"><span class='ocrx_word' id='word_1_223' title='bbox 237 3336 417 3414; x_wconf 79' lang='lat' dir='ltr'><strong>excetra,</strong></span> <span class='ocrx_word' id='word_1_224' title='bbox 441 3336 534 3402; x_wconf 86' lang='lat' dir='ltr'><strong>simil.</strong></span> <span class='ocrx_word' id='word_1_225' title='bbox 657 3332 660 3337; x_wconf 72' lang='grc'>’</span> <span class='ocrx_word' id='word_1_226' title='bbox 1137 3397 1141 3403; x_wconf 93' lang='grc'><em>.</em></span> 
     </span>
    </p>

    <p class='ocr_par' dir='ltr' id='par_1_12' title="bbox 233 3447 1322 3876">
     <span class='ocr_line' id='line_1_27' title="bbox 285 3447 1322 3531; baseline -0.007 -14"><span class='ocrx_word' id='word_1_227' title='bbox 285 3454 379 3517; x_wconf 86' lang='grc'><strong>1933.</strong></span> <span class='ocrx_word' id='word_1_228' title='bbox 403 3451 693 3529; x_wconf 65' lang='grc' dir='ltr'><em>ἀναβλέποντα</em></span> <span class='ocrx_word' id='word_1_229' title='bbox 716 3485 760 3496; x_wconf 87' lang='lat'><strong>--</strong></span> <span class='ocrx_word' id='word_1_230' title='bbox 783 3448 931 3530; x_wconf 74' lang='grc' dir='ltr'><em>φλόγα.</em></span> <span class='ocrx_word' id='word_1_231' title='bbox 959 3448 1045 3511; x_wconf 82' lang='lat' dir='ltr'><strong>Talia</strong></span> <span class='ocrx_word' id='word_1_232' title='bbox 1068 3447 1105 3511; x_wconf 91' lang='lat' dir='ltr'><strong>de</strong></span> <span class='ocrx_word' id='word_1_233' title='bbox 1129 3447 1322 3531; x_wconf 88' lang='lat' dir='ltr'><strong>serpentibus</strong></span> 
     </span>
     <span class='ocr_line' id='line_1_28' title="bbox 235 3560 1322 3650; baseline -0.005 -20"><span class='ocrx_word' id='word_1_234' title='bbox 235 3575 406 3630; x_wconf 89' lang='lat' dir='ltr'><strong>commenta</strong></span> <span class='ocrx_word' id='word_1_235' title='bbox 419 3563 500 3650; x_wconf 91' lang='lat' dir='ltr'><strong>apud</strong></span> <span class='ocrx_word' id='word_1_236' title='bbox 519 3570 633 3627; x_wconf 86' lang='lat' dir='ltr'><strong>veteres</strong></span> <span class='ocrx_word' id='word_1_237' title='bbox 650 3585 711 3626; x_wconf 92' lang='lat' dir='ltr'><strong>non</strong></span> <span class='ocrx_word' id='word_1_238' title='bbox 731 3562 855 3645; x_wconf 86' lang='lat' dir='ltr'><strong>penitus</strong></span> <span class='ocrx_word' id='word_1_239' title='bbox 871 3561 932 3625; x_wconf 92' lang='lat' dir='ltr'><strong>fide</strong></span> <span class='ocrx_word' id='word_1_240' title='bbox 947 3561 1075 3643; x_wconf 83' lang='lat' dir='ltr'><strong>indigua</strong></span> <span class='ocrx_word' id='word_1_241' title='bbox 1090 3560 1224 3625; x_wconf 87' lang='lat' dir='ltr'><strong>iudicata</strong></span> <span class='ocrx_word' id='word_1_242' title='bbox 1241 3568 1322 3625; x_wconf 85' lang='lat' dir='ltr'><strong>suut.</strong></span> 
     </span>
     <span class='ocr_line' id='line_1_29' title="bbox 235 3674 1322 3759; baseline -0.006 -16"><span class='ocrx_word' id='word_1_243' title='bbox 235 3680 327 3745; x_wconf 88' lang='lat' dir='ltr'><strong>Diod.</strong></span> <span class='ocrx_word' id='word_1_244' title='bbox 360 3680 420 3744; x_wconf 86' lang='lat' dir='ltr'><strong>Sic.</strong></span> <span class='ocrx_word' id='word_1_245' title='bbox 451 3678 504 3743; x_wconf 89' lang='lat' dir='ltr'><strong>III</strong></span> <span class='ocrx_word' id='word_1_246' title='bbox 536 3680 576 3742; x_wconf 91' lang='grc'><strong>37</strong></span> <span class='ocrx_word' id='word_1_247' title='bbox 611 3675 826 3759; x_wconf 78' lang='grc' dir='ltr'><em>ἀποφαίνονται</em></span> <span class='ocrx_word' id='word_1_248' title='bbox 858 3675 940 3756; x_wconf 77' lang='grc' dir='ltr'><em>ὄφεις</em></span> <span class='ocrx_word' id='word_1_249' title='bbox 965 3674 1012 3740; x_wconf 76' lang='grc' dir='ltr'><strong>1ιά</strong></span> <span class='ocrx_word' id='word_1_250' title='bbox 1034 3680 1244 3752; x_wconf 78' lang='grc' dir='ltr'><em>τοῢπορωποῦ</em></span> <span class='ocrx_word' id='word_1_251' title='bbox 1266 3680 1322 3739; x_wconf 81' lang='grc' dir='ltr'><em>τῶν</em></span> 
     </span>
     <span class='ocr_line' id='line_1_30' title="bbox 233 3787 1320 3876; baseline -0.005 -19"><span class='ocrx_word' id='word_1_252' title='bbox 233 3796 394 3876; x_wconf 76' lang='grc' dir='ltr'><em>ὀφθαλμῶν</em></span> <span class='ocrx_word' id='word_1_253' title='bbox 409 3793 548 3872; x_wconf 70' lang='grc' dir='ltr'><em>ἀστραπῇ</em></span> <span class='ocrx_word' id='word_1_254' title='bbox 565 3789 777 3870; x_wconf 80' lang='grc' dir='ltr'><em>παραπλησίως</em></span> <span class='ocrx_word' id='word_1_255' title='bbox 794 3792 985 3871; x_wconf 69' lang='grc' dir='ltr'><em>ἀποτυφλοῦν</em></span> <span class='ocrx_word' id='word_1_256' title='bbox 1000 3791 1053 3863; x_wconf 69' lang='grc' dir='ltr'><em>τὴν</em></span> <span class='ocrx_word' id='word_1_257' title='bbox 1068 3787 1173 3869; x_wconf 71' lang='grc' dir='ltr'><em>ὅρασιν.</em></span> <span class='ocrx_word' id='word_1_258' title='bbox 1198 3788 1320 3852; x_wconf 76' lang='lat' dir='ltr'><strong>Muses.</strong></span> 
     </span>
    </p>

    <p class='ocr_par' dir='ltr' id='par_1_13' title="bbox 233 3901 1319 4086">
     <span class='ocr_line' id='line_1_31' title="bbox 280 3901 1319 3985; baseline -0.006 -13"><span class='ocrx_word' id='word_1_259' title='bbox 280 3910 376 3972; x_wconf 89' lang='grc'><strong>1979.</strong></span> <span class='ocrx_word' id='word_1_260' title='bbox 405 3907 488 3985; x_wconf 73' lang='grc' dir='ltr'><strong>χὺπὸ</strong></span> <span class='ocrx_word' id='word_1_261' title='bbox 510 3903 704 3983; x_wconf 81' lang='grc' dir='ltr'><em>,αητρνιάν</em></span> <span class='ocrx_word' id='word_1_262' title='bbox 728 3910 837 3969; x_wconf 79' lang='grc' dir='ltr'><em>πεσεῖν.</em></span> <span class='ocrx_word' id='word_1_263' title='bbox 869 3903 1000 3967; x_wconf 84' lang='lat' dir='ltr'><strong>Dativus</strong></span> <span class='ocrx_word' id='word_1_264' title='bbox 1024 3909 1070 3966; x_wconf 88' lang='lat' dir='ltr'><strong>est</strong></span> <span class='ocrx_word' id='word_1_265' title='bbox 1098 3901 1220 3967; x_wconf 87' lang='lat' dir='ltr'><strong>Heracl.</strong></span> <span class='ocrx_word' id='word_1_266' title='bbox 1246 3905 1319 3966; x_wconf 88' lang='grc'><strong>931.</strong></span> 
     </span>
     <span class='ocr_line' id='line_1_32' title="bbox 233 4019 525 4086; baseline -0.007 -1"><span class='ocrx_word' id='word_1_267' title='bbox 233 4020 280 4086; x_wconf 81' lang='lat' dir='ltr'><strong>of.</strong></span> <span class='ocrx_word' id='word_1_268' title='bbox 306 4020 347 4083; x_wconf 90' lang='lat' dir='ltr'><strong>H.</strong></span> <span class='ocrx_word' id='word_1_269' title='bbox 371 4019 404 4083; x_wconf 73' lang='lat' dir='ltr'><strong>F.</strong></span> <span class='ocrx_word' id='word_1_270' title='bbox 433 4020 525 4083; x_wconf 85' lang='grc'><strong>1384.</strong></span> 
     </span>
    </p>

    <p class='ocr_par' dir='ltr' id='par_1_14' title="bbox 230 4128 1345 4420">
     <span class='ocr_line' id='line_1_33' title="bbox 279 4128 1345 4214; baseline -0.007 -16"><span class='ocrx_word' id='word_1_271' title='bbox 279 4136 362 4199; x_wconf 91' lang='grc'><strong>1971</strong></span> <span class='ocrx_word' id='word_1_272' title='bbox 405 4135 441 4197; x_wconf 86' lang='grc' dir='ltr'><strong>ἕν</strong></span> <span class='ocrx_word' id='word_1_273' title='bbox 471 4129 703 4211; x_wconf 59' lang='lat' dir='ltr'><strong>acuamur</strong></span> <span class='ocrx_word' id='word_1_274' title='bbox 737 4131 780 4194; x_wconf 90' lang='lat' dir='ltr'><strong>sic</strong></span> <span class='ocrx_word' id='word_1_275' title='bbox 803 4129 961 4214; x_wconf 87' lang='lat' dir='ltr'><strong>intelligo:</strong></span> <span class='ocrx_word' id='word_1_276' title='bbox 987 4130 1066 4193; x_wconf 84' lang='lat' dir='ltr'><strong>inter</strong></span> <span class='ocrx_word' id='word_1_277' title='bbox 1089 4128 1219 4212; x_wconf 89' lang='lat' dir='ltr'><strong>eos-qui</strong></span> <span class='ocrx_word' id='word_1_278' title='bbox 1243 4128 1345 4192; x_wconf 86' lang='lat' dir='ltr'><strong>mihi</strong></span> 
     </span>
     <span class='ocr_line' id='line_1_34' title="bbox 231 4240 1317 4329; baseline -0.005 -20"><span class='ocrx_word' id='word_1_279' title='bbox 231 4266 319 4329; x_wconf 86' lang='lat' dir='ltr'><strong>opem</strong></span> <span class='ocrx_word' id='word_1_280' title='bbox 343 4244 436 4308; x_wconf 85' lang='lat' dir='ltr'><strong>laturi</strong></span> <span class='ocrx_word' id='word_1_281' title='bbox 460 4250 555 4308; x_wconf 85' lang='lat' dir='ltr'><strong>erant.</strong></span> <span class='ocrx_word' id='word_1_282' title='bbox 580 4242 750 4307; x_wconf 71' lang='lat' dir='ltr'><strong>Heumann.</strong></span> <span class='ocrx_word' id='word_1_283' title='bbox 774 4240 876 4306; x_wconf 84' lang='lat' dir='ltr'><strong>Verba</strong></span> <span class='ocrx_word' id='word_1_284' title='bbox 898 4243 1010 4306; x_wconf 86' lang='lat' dir='ltr'><strong>iniuria</strong></span> <span class='ocrx_word' id='word_1_285' title='bbox 1035 4249 1204 4318; x_wconf 83' lang='lat' dir='ltr'><strong>tentantur,</strong></span> <span class='ocrx_word' id='word_1_286' title='bbox 1223 4263 1317 4325; x_wconf 91' lang='lat' dir='ltr'><strong>quare</strong></span> 
     </span>
     <span class='ocr_line' id='line_1_35' title="bbox 230 4356 673 4420; baseline -0.005 0"><span class='ocrx_word' id='word_1_287' title='bbox 230 4356 421 4420; x_wconf 87' lang='lat' dir='ltr'><strong>coniecturas</strong></span> <span class='ocrx_word' id='word_1_288' title='bbox 445 4377 506 4419; x_wconf 90' lang='lat' dir='ltr'><strong>nou</strong></span> <span class='ocrx_word' id='word_1_289' title='bbox 531 4376 673 4418; x_wconf 87' lang='lat' dir='ltr'><strong>memoro.</strong></span> 
     </span>
    </p>
   </div>
   <div class='ocr_carea' id='block_1_11' title="bbox 0 0 1560 4914">
    <p class='ocr_par' dir='ltr' id='par_1_15' title="bbox 0 0 1560 4914">
     <span class='ocr_line' id='line_1_36' title="bbox 0 0 1560 4914; baseline 0 6"><span class='ocrx_word' id='word_1_290' title='bbox 0 0 1560 4914; x_wconf 95' lang='lat' dir='ltr'><strong> </strong></span> 
     </span>
    </p>
   </div>
  </div>
 </body>
</html>
