<?xml version="1.0" encoding="UTF-8"?>
<!DOCTYPE html PUBLIC "-//W3C//DTD XHTML 1.0 Transitional//EN"
    "http://www.w3.org/TR/xhtml1/DTD/xhtml1-transitional.dtd">
<html xmlns="http://www.w3.org/1999/xhtml" xml:lang="en" lang="en">
 <head>
  <title>
</title>
<meta http-equiv="Content-Type" content="text/html;charset=utf-8" />
  <meta name='ocr-system' content='tesseract 3.04.00' />
  <meta name='ocr-capabilities' content='ocr_page ocr_carea ocr_par ocr_line ocrx_word'/>
</head>
<body>
  <div class='ocr_page' id='page_1' title='image "./in00herwgoog_0092.png"; bbox 0 0 3112 4914; ppageno 0'>
   <div class='ocr_carea' id='block_1_1' title="bbox 611 365 1278 428">
    <p class='ocr_par' dir='ltr' id='par_1_1' title="bbox 611 365 1278 428">
     <span class='ocr_line' id='line_1_1' title="bbox 611 365 1278 428; baseline 0.001 -2"><span class='ocrx_word' id='word_1_1' title='bbox 611 384 862 428; x_wconf 71' lang='lat' dir='ltr'><strong>concurrimus</strong></span> <span class='ocrx_word' id='word_1_2' title='bbox 1236 365 1278 427; x_wconf 76' lang='lat'><strong>75</strong></span> 
     </span>
    </p>
   </div>
   <div class='ocr_carea' id='block_1_2' title="bbox 111 577 1349 4185">
    <p class='ocr_par' dir='ltr' id='par_1_2' title="bbox 194 577 1279 1004">
     <span class='ocr_line' id='line_1_2' title="bbox 195 577 1279 662; baseline -0.001 -20"><span class='ocrx_word' id='word_1_3' title='bbox 195 581 327 654; x_wconf 87' lang='lat' dir='ltr'><strong>formas,</strong></span> <span class='ocrx_word' id='word_1_4' title='bbox 356 601 484 662; x_wconf 89' lang='lat' dir='ltr'><strong>quarum</strong></span> <span class='ocrx_word' id='word_1_5' title='bbox 509 579 656 661; x_wconf 83' lang='lat' dir='ltr'>originem</span> <span class='ocrx_word' id='word_1_6' title='bbox 681 577 738 641; x_wconf 89' lang='lat' dir='ltr'><strong>sibi</strong></span> <span class='ocrx_word' id='word_1_7' title='bbox 764 578 924 642; x_wconf 83' lang='lat' dir='ltr'><strong>videantur</strong></span> <span class='ocrx_word' id='word_1_8' title='bbox 947 578 1131 662; x_wconf 82' lang='lat' dir='ltr'><strong>intellegere.</strong></span> <span class='ocrx_word' id='word_1_9' title='bbox 1166 578 1247 641; x_wconf 84' lang='lat' dir='ltr'><strong>Oonf</strong></span> <span class='ocrx_word' id='word_1_10' title='bbox 1268 615 1279 626; x_wconf 94' lang='lat'>·</span> 
     </span>
     <span class='ocr_line' id='line_1_3' title="bbox 195 691 1277 779; baseline 0.004 -24"><span class='ocrx_word' id='word_1_11' title='bbox 195 693 307 756; x_wconf 90' lang='lat' dir='ltr'><strong>derunt</strong></span> <span class='ocrx_word' id='word_1_12' title='bbox 338 693 430 755; x_wconf 89' lang='lat' dir='ltr'><strong>enim·</strong></span> <span class='ocrx_word' id='word_1_13' title='bbox 450 693 523 756; x_wconf 89' lang='lat' dir='ltr'><strong>haec</strong></span> <span class='ocrx_word' id='word_1_14' title='bbox 553 693 676 756; x_wconf 84' lang='lat' dir='ltr'><strong>nomina</strong></span> <span class='ocrx_word' id='word_1_15' title='bbox 707 693 829 779; x_wconf 84' lang='lat' dir='ltr'><strong>propria</strong></span> <span class='ocrx_word' id='word_1_16' title='bbox 851 715 922 758; x_wconf 89' lang='lat' dir='ltr'><strong>cum</strong></span> <span class='ocrx_word' id='word_1_17' title='bbox 946 691 1093 756; x_wconf 83' lang='lat' dir='ltr'><strong>adiectivo</strong></span> <span class='ocrx_word' id='word_1_18' title='bbox 1117 692 1277 771; x_wconf 71' lang='grc' dir='ltr'><em>ἄγραυλος.</em></span> 
     </span>
     <span class='ocr_line' id='line_1_4' title="bbox 194 804 1279 890; baseline 0.001 -22"><span class='ocrx_word' id='word_1_19' title='bbox 194 806 305 870; x_wconf 80' lang='lat' dir='ltr'><strong>Utrum</strong></span> <span class='ocrx_word' id='word_1_20' title='bbox 345 817 446 869; x_wconf 83' lang='lat' dir='ltr'><strong>autem</strong></span> <span class='ocrx_word' id='word_1_21' title='bbox 486 804 646 886; x_wconf 72' lang='grc' dir='ltr'><em>Ἀρλανρός</em></span> <span class='ocrx_word' id='word_1_22' title='bbox 682 829 751 870; x_wconf 93' lang='lat' dir='ltr'><strong>cum</strong></span> <span class='ocrx_word' id='word_1_23' title='bbox 785 805 902 883; x_wconf 71' lang='grc' dir='ltr'><em>ἀγλαός</em></span> <span class='ocrx_word' id='word_1_24' title='bbox 939 807 1100 870; x_wconf 87' lang='lat' dir='ltr'><strong>cohaereat</strong></span> <span class='ocrx_word' id='word_1_25' title='bbox 1134 829 1172 868; x_wconf 91' lang='lat' dir='ltr'><strong>an</strong></span> <span class='ocrx_word' id='word_1_26' title='bbox 1207 809 1279 890; x_wconf 88' lang='lat' dir='ltr'><strong>(per</strong></span> 
     </span>
     <span class='ocr_line' id='line_1_5' title="bbox 194 919 1108 1004; baseline -0.001 -21"><span class='ocrx_word' id='word_1_27' title='bbox 194 919 390 1002; x_wconf 82' lang='lat' dir='ltr'><strong>metathesin)</strong></span> <span class='ocrx_word' id='word_1_28' title='bbox 415 941 483 982; x_wconf 92' lang='lat' dir='ltr'><strong>cum</strong></span> <span class='ocrx_word' id='word_1_29' title='bbox 508 921 676 999; x_wconf 71' lang='grc' dir='ltr'><em>ἄγραυλος,</em></span> <span class='ocrx_word' id='word_1_30' title='bbox 703 920 845 1004; x_wconf 89' lang='lat' dir='ltr'><strong>equidem</strong></span> <span class='ocrx_word' id='word_1_31' title='bbox 870 943 931 984; x_wconf 93' lang='lat' dir='ltr'><strong>non</strong></span> <span class='ocrx_word' id='word_1_32' title='bbox 956 920 1108 983; x_wconf 89' lang='lat' dir='ltr'><strong>definiam.</strong></span> 
     </span>
    </p>

    <p class='ocr_par' dir='ltr' id='par_1_3' title="bbox 193 1032 1280 1563">
     <span class='ocr_line' id='line_1_6' title="bbox 239 1032 1279 1118; baseline 0.003 -25"><span class='ocrx_word' id='word_1_33' title='bbox 239 1037 291 1096; x_wconf 81' lang='grc'><strong>25.</strong></span> <span class='ocrx_word' id='word_1_34' title='bbox 319 1035 467 1112; x_wconf 83' lang='grc' dir='ltr'><em>όΦεσιν.</em></span> <span class='ocrx_word' id='word_1_35' title='bbox 504 1032 643 1117; x_wconf 77' lang='lat' dir='ltr'><strong>Tragici,</strong></span> <span class='ocrx_word' id='word_1_36' title='bbox 680 1035 733 1117; x_wconf 92' lang='lat' dir='ltr'><strong>qui</strong></span> <span class='ocrx_word' id='word_1_37' title='bbox 768 1035 942 1118; x_wconf 87' lang='lat' dir='ltr'><strong>frequenter</strong></span> <span class='ocrx_word' id='word_1_38' title='bbox 967 1040 1100 1097; x_wconf 89' lang='lat' dir='ltr'><strong>utuntur</strong></span> <span class='ocrx_word' id='word_1_39' title='bbox 1123 1033 1279 1096; x_wconf 86' lang='lat' dir='ltr'><strong>vocabulis</strong></span> 
     </span>
     <span class='ocr_line' id='line_1_7' title="bbox 193 1128 1279 1232; baseline 0.002 -24"><span class='ocrx_word' id='word_1_40' title='bbox 193 1147 301 1224; x_wconf 71' lang='grc' dir='ltr'><em>δρύιιιον</em></span> <span class='ocrx_word' id='word_1_41' title='bbox 330 1156 361 1210; x_wconf 91' lang='lat' dir='ltr'><strong>et</strong></span> <span class='ocrx_word' id='word_1_42' title='bbox 387 1147 489 1226; x_wconf 74' lang='grc' dir='ltr'><em>ἔχιδνα</em></span> <span class='ocrx_word' id='word_1_43' title='bbox 514 1156 544 1210; x_wconf 92' lang='lat' dir='ltr'><strong>et</strong></span> <span class='ocrx_word' id='word_1_44' title='bbox 564 1128 709 1232; x_wconf 59' lang='lat' dir='ltr'><strong>(excepto</strong></span> <span class='ocrx_word' id='word_1_45' title='bbox 732 1147 893 1232; x_wconf 78' lang='lat' dir='ltr'><strong>Sophocle)</strong></span> <span class='ocrx_word' id='word_1_46' title='bbox 918 1146 1002 1228; x_wconf 79' lang='grc' dir='ltr'><em>όφις,</em></span> <span class='ocrx_word' id='word_1_47' title='bbox 1025 1145 1240 1210; x_wconf 89' lang='lat' dir='ltr'><strong>abstinuerunt</strong></span> <span class='ocrx_word' id='word_1_48' title='bbox 1262 1169 1279 1210; x_wconf 88' lang='lat' dir='ltr'><strong>a</strong></span> 
     </span>
     <span class='ocr_line' id='line_1_8' title="bbox 193 1259 1279 1345; baseline -0.001 -23"><span class='ocrx_word' id='word_1_49' title='bbox 193 1259 383 1324; x_wconf 88' lang='lat' dir='ltr'><strong>substantivo</strong></span> <span class='ocrx_word' id='word_1_50' title='bbox 399 1260 463 1340; x_wconf 77' lang='grc' dir='ltr'><em>ἔχις</em></span> <span class='ocrx_word' id='word_1_51' title='bbox 481 1262 537 1344; x_wconf 74' lang='lat' dir='ltr'><strong>(z</strong></span> <span class='ocrx_word' id='word_1_52' title='bbox 553 1261 672 1340; x_wconf 74' lang='grc' dir='ltr'><em>ἔχιδνα,</em></span> <span class='ocrx_word' id='word_1_53' title='bbox 692 1261 862 1345; x_wconf 83' lang='lat' dir='ltr'><strong>vipera),</strong></span> <span class='ocrx_word' id='word_1_54' title='bbox 880 1261 963 1344; x_wconf 91' lang='lat' dir='ltr'><strong>quod</strong></span> <span class='ocrx_word' id='word_1_55' title='bbox 981 1283 1042 1323; x_wconf 93' lang='lat' dir='ltr'><strong>non</strong></span> <span class='ocrx_word' id='word_1_56' title='bbox 1058 1260 1153 1343; x_wconf 90' lang='lat' dir='ltr'><strong>magis</strong></span> <span class='ocrx_word' id='word_1_57' title='bbox 1170 1259 1279 1343; x_wconf 90' lang='lat' dir='ltr'><strong>reperi·</strong></span> 
     </span>
     <span class='ocr_line' id='line_1_9' title="bbox 193 1373 1280 1458; baseline -0.001 -22"><span class='ocrx_word' id='word_1_58' title='bbox 193 1383 244 1436; x_wconf 89' lang='lat' dir='ltr'><strong>tur</strong></span> <span class='ocrx_word' id='word_1_59' title='bbox 268 1374 349 1458; x_wconf 92' lang='lat' dir='ltr'><strong>apud</strong></span> <span class='ocrx_word' id='word_1_60' title='bbox 373 1375 522 1452; x_wconf 89' lang='lat' dir='ltr'><strong>comicos,</strong></span> <span class='ocrx_word' id='word_1_61' title='bbox 546 1374 598 1438; x_wconf 92' lang='lat' dir='ltr'><strong>sed</strong></span> <span class='ocrx_word' id='word_1_62' title='bbox 622 1382 721 1438; x_wconf 86' lang='lat' dir='ltr'><strong>exstat</strong></span> <span class='ocrx_word' id='word_1_63' title='bbox 738 1373 819 1458; x_wconf 89' lang='lat' dir='ltr'><strong>apud</strong></span> <span class='ocrx_word' id='word_1_64' title='bbox 837 1374 1008 1450; x_wconf 75' lang='lat' dir='ltr'><strong>Platonem,</strong></span> <span class='ocrx_word' id='word_1_65' title='bbox 1026 1373 1280 1453; x_wconf 82' lang='lat' dir='ltr'><strong>Demosthenem,</strong></span> 
     </span>
     <span class='ocr_line' id='line_1_10' title="bbox 199 1486 520 1563; baseline 0.006 -14"><span class='ocrx_word' id='word_1_66' title='bbox 199 1486 411 1563; x_wconf 83' lang='lat' dir='ltr'><strong>Aristotelem,</strong></span> <span class='ocrx_word' id='word_1_67' title='bbox 436 1487 520 1553; x_wconf 89' lang='lat' dir='ltr'><strong>alios.</strong></span> 
     </span>
    </p>

    <p class='ocr_par' dir='ltr' id='par_1_4' title="bbox 193 1599 1280 2478">
     <span class='ocr_line' id='line_1_11' title="bbox 240 1599 1278 1684; baseline -0.001 -21"><span class='ocrx_word' id='word_1_68' title='bbox 240 1604 291 1664; x_wconf 90' lang='grc'><strong>26.</strong></span> <span class='ocrx_word' id='word_1_69' title='bbox 313 1600 451 1679; x_wconf 73' lang='grc' dir='ltr'><em>χλιδή,</em></span> <span class='ocrx_word' id='word_1_70' title='bbox 475 1601 595 1684; x_wconf 90' lang='lat' dir='ltr'><strong>proprie</strong></span> <span class='ocrx_word' id='word_1_71' title='bbox 619 1600 806 1664; x_wconf 86' lang='lat' dir='ltr'><strong>luxuries</strong></span> <span class='ocrx_word' id='word_1_72' title='bbox 830 1604 886 1681; x_wconf 79' lang='lat' dir='ltr'><strong>(z</strong></span> <span class='ocrx_word' id='word_1_73' title='bbox 906 1603 1032 1684; x_wconf 80' lang='grc' dir='ltr'><em>τρυφή),</em></span> <span class='ocrx_word' id='word_1_74' title='bbox 1051 1601 1080 1664; x_wconf 93' lang='lat' dir='ltr'><strong>h.</strong></span> <span class='ocrx_word' id='word_1_75' title='bbox 1098 1599 1120 1663; x_wconf 90' lang='lat' dir='ltr'><strong>l.</strong></span> <span class='ocrx_word' id='word_1_76' title='bbox 1138 1607 1278 1663; x_wconf 88' lang='lat' dir='ltr'><strong>concreta</strong></span> 
     </span>
     <span class='ocr_line' id='line_1_12' title="bbox 196 1713 1277 1798; baseline -0.001 -22"><span class='ocrx_word' id='word_1_77' title='bbox 196 1716 320 1777; x_wconf 88' lang='lat' dir='ltr'><strong>notione</strong></span> <span class='ocrx_word' id='word_1_78' title='bbox 345 1716 469 1798; x_wconf 86' lang='lat' dir='ltr'><strong>ponitur</strong></span> <span class='ocrx_word' id='word_1_79' title='bbox 493 1737 547 1798; x_wconf 91' lang='lat' dir='ltr'><strong>pro</strong></span> <span class='ocrx_word' id='word_1_80' title='bbox 570 1714 684 1790; x_wconf 78' lang='grc' dir='ltr'><em>κόσμος.</em></span> <span class='ocrx_word' id='word_1_81' title='bbox 716 1714 766 1778; x_wconf 84' lang='lat' dir='ltr'><strong>Sic</strong></span> <span class='ocrx_word' id='word_1_82' title='bbox 789 1736 920 1777; x_wconf 90' lang='lat' dir='ltr'><strong>comae</strong></span> <span class='ocrx_word' id='word_1_83' title='bbox 942 1713 1058 1777; x_wconf 91' lang='lat' dir='ltr'><strong>Phoen.</strong></span> <span class='ocrx_word' id='word_1_84' title='bbox 1083 1715 1146 1776; x_wconf 94' lang='grc'><strong>224</strong></span> <span class='ocrx_word' id='word_1_85' title='bbox 1172 1734 1277 1775; x_wconf 89' lang='lat' dir='ltr'><strong>vocan-</strong></span> 
     </span>
     <span class='ocr_line' id='line_1_13' title="bbox 194 1826 1279 1912; baseline -0.003 -21"><span class='ocrx_word' id='word_1_86' title='bbox 194 1838 245 1891; x_wconf 89' lang='lat' dir='ltr'><strong>tur</strong></span> <span class='ocrx_word' id='word_1_87' title='bbox 267 1828 411 1908; x_wconf 79' lang='grc' dir='ltr'><em>παρύένιος</em></span> <span class='ocrx_word' id='word_1_88' title='bbox 435 1828 530 1908; x_wconf 57' lang='lat' dir='ltr'><strong>meaa</strong></span> <span class='ocrx_word' id='word_1_89' title='bbox 553 1829 602 1910; x_wconf 84' lang='lat' dir='ltr'><strong>(cf.</strong></span> <span class='ocrx_word' id='word_1_90' title='bbox 627 1829 720 1912; x_wconf 83' lang='lat' dir='ltr'><strong>Soph.</strong></span> <span class='ocrx_word' id='word_1_91' title='bbox 746 1828 794 1892; x_wconf 78' lang='lat' dir='ltr'><strong>ul.</strong></span> <span class='ocrx_word' id='word_1_92' title='bbox 821 1830 895 1912; x_wconf 85' lang='grc'>52),</span> <span class='ocrx_word' id='word_1_93' title='bbox 921 1826 989 1893; x_wconf 89' lang='lat' dir='ltr'><strong>Hel.</strong></span> <span class='ocrx_word' id='word_1_94' title='bbox 1015 1831 1076 1890; x_wconf 90' lang='grc'><strong>431</strong></span> <span class='ocrx_word' id='word_1_95' title='bbox 1100 1827 1138 1890; x_wconf 91' lang='lat' dir='ltr'><strong>de</strong></span> <span class='ocrx_word' id='word_1_96' title='bbox 1158 1827 1279 1889; x_wconf 86' lang='lat' dir='ltr'><strong>vesti-</strong></span> 
     </span>
     <span class='ocr_line' id='line_1_14' title="bbox 194 1941 1280 2025; baseline 0 -21"><span class='ocrx_word' id='word_1_97' title='bbox 194 1943 360 2005; x_wconf 87' lang='lat' dir='ltr'><strong>mentis:</strong></span> <span class='ocrx_word' id='word_1_98' title='bbox 396 1943 505 2021; x_wconf 71' lang='grc' dir='ltr'><em>χλιδάς</em></span> <span class='ocrx_word' id='word_1_99' title='bbox 540 1968 574 2006; x_wconf 84' lang='grc' dir='ltr'><strong>τε</strong></span> <span class='ocrx_word' id='word_1_100' title='bbox 611 1943 711 2015; x_wconf 79' lang='grc' dir='ltr'><em>πόντος</em></span> <span class='ocrx_word' id='word_1_101' title='bbox 747 1941 877 2025; x_wconf 71' lang='grc' dir='ltr'><em>ἥρπασε,</em></span> <span class='ocrx_word' id='word_1_102' title='bbox 913 1941 1002 2007; x_wconf 81' lang='lat' dir='ltr'><strong>Thes.</strong></span> <span class='ocrx_word' id='word_1_103' title='bbox 1037 1942 1142 2025; x_wconf 76' lang='lat' dir='ltr'><strong>fragm.</strong></span> <span class='ocrx_word' id='word_1_104' title='bbox 1174 1942 1280 2020; x_wconf 78' lang='grc' dir='ltr'><em>μυρίων</em></span> 
     </span>
     <span class='ocr_line' id='line_1_15' title="bbox 194 2046 1279 2140; baseline -0.001 -22"><span class='ocrx_word' id='word_1_105' title='bbox 194 2057 314 2120; x_wconf 77' lang='grc' dir='ltr'><em>πέπλων</em></span> <span class='ocrx_word' id='word_1_106' title='bbox 343 2057 466 2136; x_wconf 68' lang='grc' dir='ltr'><em>χλιδήν,</em></span> <span class='ocrx_word' id='word_1_107' title='bbox 481 2046 484 2051; x_wconf 55' lang='grc'><strong>’</strong></span> <span class='ocrx_word' id='word_1_108' title='bbox 501 2057 646 2121; x_wconf 85' lang='lat' dir='ltr'><strong>Androm.</strong></span> <span class='ocrx_word' id='word_1_109' title='bbox 680 2059 697 2117; x_wconf 90' lang='grc'>2</span> <span class='ocrx_word' id='word_1_110' title='bbox 730 2057 781 2140; x_wconf 83' lang='lat' dir='ltr'><strong>(cl.</strong></span> <span class='ocrx_word' id='word_1_111' title='bbox 808 2058 884 2138; x_wconf 83' lang='grc'><strong>147)</strong></span> <span class='ocrx_word' id='word_1_112' title='bbox 911 2055 994 2121; x_wconf 75' lang='grc' dir='ltr'><em>ἕδνων</em></span> <span class='ocrx_word' id='word_1_113' title='bbox 1026 2057 1078 2120; x_wconf 83' lang='grc' dir='ltr'><strong>σύν</strong></span> <span class='ocrx_word' id='word_1_114' title='bbox 1105 2054 1279 2134; x_wconf 76' lang='grc' dir='ltr'><strong><em>πολυχρύσῳ</em></strong></span> 
     </span>
     <span class='ocr_line' id='line_1_16' title="bbox 193 2150 1279 2252; baseline -0.003 -22"><span class='ocrx_word' id='word_1_115' title='bbox 193 2169 298 2248; x_wconf 69' lang='grc' dir='ltr'><em>χλιδῇ,</em></span> <span class='ocrx_word' id='word_1_116' title='bbox 324 2168 392 2252; x_wconf 88' lang='lat' dir='ltr'><strong>Iph.</strong></span> <span class='ocrx_word' id='word_1_117' title='bbox 417 2170 452 2231; x_wconf 89' lang='lat' dir='ltr'><strong>A.</strong></span> <span class='ocrx_word' id='word_1_118' title='bbox 479 2170 530 2231; x_wconf 90' lang='grc'><strong>74.</strong></span> <span class='ocrx_word' id='word_1_119' title='bbox 554 2150 697 2247; x_wconf 83' lang='grc' dir='ltr'><em>βαρβύρῳ</em></span> <span class='ocrx_word' id='word_1_120' title='bbox 720 2169 896 2247; x_wconf 69' lang='grc' dir='ltr'><em>χλιδήματι,</em></span> <span class='ocrx_word' id='word_1_121' title='bbox 915 2165 1107 2230; x_wconf 76' lang='lat' dir='ltr'><strong>Describitur</strong></span> <span class='ocrx_word' id='word_1_122' title='bbox 1123 2187 1279 2229; x_wconf 87' lang='lat' dir='ltr'><strong>ornamen-</strong></span> 
     </span>
     <span class='ocr_line' id='line_1_17' title="bbox 195 2260 1279 2364; baseline -0.004 -20"><span class='ocrx_word' id='word_1_123' title='bbox 195 2289 261 2344; x_wconf 91' lang='lat' dir='ltr'><strong>tum</strong></span> <span class='ocrx_word' id='word_1_124' title='bbox 296 2281 376 2344; x_wconf 85' lang='lat' dir='ltr'><strong>infra</strong></span> <span class='ocrx_word' id='word_1_125' title='bbox 411 2283 495 2344; x_wconf 88' lang='grc'><strong>1413</strong></span> <span class='ocrx_word' id='word_1_126' title='bbox 526 2260 591 2364; x_wconf 77' lang='lat' dir='ltr'><strong>sqq.</strong></span> <span class='ocrx_word' id='word_1_127' title='bbox 626 2280 672 2344; x_wconf 80' lang='lat' dir='ltr'><strong>Of.</strong></span> <span class='ocrx_word' id='word_1_128' title='bbox 710 2284 796 2344; x_wconf 85' lang='grc'><strong>1490</strong></span> <span class='ocrx_word' id='word_1_129' title='bbox 824 2301 905 2364; x_wconf 64' lang='lat' dir='ltr'><strong>sqq„</strong></span> <span class='ocrx_word' id='word_1_130' title='bbox 940 2278 1009 2352; x_wconf 82' lang='lat' dir='ltr'><strong>ubi,</strong></span> <span class='ocrx_word' id='word_1_131' title='bbox 1042 2287 1078 2342; x_wconf 91' lang='lat' dir='ltr'><strong>ut</strong></span> <span class='ocrx_word' id='word_1_132' title='bbox 1101 2280 1130 2343; x_wconf 90' lang='lat' dir='ltr'><strong>h.</strong></span> <span class='ocrx_word' id='word_1_133' title='bbox 1156 2279 1176 2342; x_wconf 89' lang='lat' dir='ltr'><strong>l.</strong></span> <span class='ocrx_word' id='word_1_134' title='bbox 1201 2278 1279 2341; x_wconf 83' lang='lat' dir='ltr'><strong>dixit-</strong></span> 
     </span>
     <span class='ocr_line' id='line_1_18' title="bbox 195 2393 1075 2478; baseline 0.001 -21"><span class='ocrx_word' id='word_1_135' title='bbox 195 2393 390 2471; x_wconf 73' lang='grc' dir='ltr'><em>προσάπτειν,</em></span> <span class='ocrx_word' id='word_1_136' title='bbox 420 2402 508 2478; x_wconf 90' lang='lat' dir='ltr'><strong>poeta</strong></span> <span class='ocrx_word' id='word_1_137' title='bbox 531 2395 631 2457; x_wconf 89' lang='lat' dir='ltr'><strong>utitur</strong></span> <span class='ocrx_word' id='word_1_138' title='bbox 654 2393 713 2456; x_wconf 85' lang='lat' dir='ltr'><strong>alio</strong></span> <span class='ocrx_word' id='word_1_139' title='bbox 738 2393 906 2476; x_wconf 86' lang='lat' dir='ltr'><strong>composito</strong></span> <span class='ocrx_word' id='word_1_140' title='bbox 930 2393 1075 2459; x_wconf 84' lang='grc' dir='ltr'><em>ἐνόπτειν.</em></span> 
     </span>
    </p>

    <p class='ocr_par' dir='ltr' id='par_1_5' title="bbox 111 2506 1349 3159">
     <span class='ocr_line' id='line_1_19' title="bbox 238 2506 1279 2591; baseline 0.001 -22"><span class='ocrx_word' id='word_1_141' title='bbox 238 2510 293 2571; x_wconf 89' lang='grc'><strong>30.</strong></span> <span class='ocrx_word' id='word_1_142' title='bbox 327 2506 457 2571; x_wconf 86' lang='lat' dir='ltr'><strong>Versum</strong></span> <span class='ocrx_word' id='word_1_143' title='bbox 489 2529 544 2570; x_wconf 88' lang='lat' dir='ltr'><strong>cur</strong></span> <span class='ocrx_word' id='word_1_144' title='bbox 574 2507 700 2570; x_wconf 81' lang='lat' dir='ltr'><strong>habeam</strong></span> <span class='ocrx_word' id='word_1_145' title='bbox 733 2513 907 2590; x_wconf 91' lang='lat' dir='ltr'><strong>suspectum</strong></span> <span class='ocrx_word' id='word_1_146' title='bbox 939 2508 1064 2591; x_wconf 85' lang='lat' dir='ltr'><strong>exposui</strong></span> <span class='ocrx_word' id='word_1_147' title='bbox 1097 2509 1279 2590; x_wconf 77' lang='lat' dir='ltr'><strong>Verslopen,</strong></span> 
     </span>
     <span class='ocr_line' id='line_1_20' title="bbox 195 2618 1279 2705; baseline -0.002 -23"><span class='ocrx_word' id='word_1_148' title='bbox 195 2619 253 2697; x_wconf 85' lang='lat' dir='ltr'><strong>IV,</strong></span> <span class='ocrx_word' id='word_1_149' title='bbox 280 2625 309 2697; x_wconf 91' lang='grc'><strong>2,</strong></span> <span class='ocrx_word' id='word_1_150' title='bbox 335 2644 364 2705; x_wconf 89' lang='lat' dir='ltr'><strong>p.</strong></span> <span class='ocrx_word' id='word_1_151' title='bbox 391 2623 460 2686; x_wconf 85' lang='grc'><strong>111.</strong></span> <span class='ocrx_word' id='word_1_152' title='bbox 493 2621 611 2684; x_wconf 81' lang='lat' dir='ltr'><strong>Formis</strong></span> <span class='ocrx_word' id='word_1_153' title='bbox 636 2627 737 2684; x_wconf 88' lang='lat' dir='ltr'><strong>antem</strong></span> <span class='ocrx_word' id='word_1_154' title='bbox 762 2620 855 2703; x_wconf 88' lang='lat' dir='ltr'><strong>epicis</strong></span> <span class='ocrx_word' id='word_1_155' title='bbox 879 2619 983 2690; x_wconf 79' lang='grc' dir='ltr'><em>πτόλις</em></span> <span class='ocrx_word' id='word_1_156' title='bbox 1008 2621 1091 2704; x_wconf 91' lang='lat' dir='ltr'><strong>(nam</strong></span> <span class='ocrx_word' id='word_1_157' title='bbox 1115 2620 1159 2682; x_wconf 88' lang='lat' dir='ltr'><strong>ita</strong></span> <span class='ocrx_word' id='word_1_158' title='bbox 1175 2618 1279 2700; x_wconf 90' lang='lat' dir='ltr'><strong>codd.)</strong></span> 
     </span>
     <span class='ocr_line' id='line_1_21' title="bbox 196 2732 1280 2817; baseline -0.003 -20"><span class='ocrx_word' id='word_1_159' title='bbox 196 2744 226 2797; x_wconf 87' lang='lat' dir='ltr'><strong>et</strong></span> <span class='ocrx_word' id='word_1_160' title='bbox 250 2734 396 2811; x_wconf 76' lang='grc' dir='ltr'><em>πτόλεμος</em></span> <span class='ocrx_word' id='word_1_161' title='bbox 419 2734 526 2817; x_wconf 85' lang='lat' dir='ltr'><strong>tragici</strong></span> <span class='ocrx_word' id='word_1_162' title='bbox 546 2757 607 2797; x_wconf 91' lang='lat' dir='ltr'><strong>non</strong></span> <span class='ocrx_word' id='word_1_163' title='bbox 629 2735 688 2797; x_wconf 88' lang='lat' dir='ltr'><strong>nisi</strong></span> <span class='ocrx_word' id='word_1_164' title='bbox 707 2733 797 2797; x_wconf 89' lang='lat' dir='ltr'><strong>metri</strong></span> <span class='ocrx_word' id='word_1_165' title='bbox 816 2755 907 2796; x_wconf 86' lang='lat' dir='ltr'><strong>causa</strong></span> <span class='ocrx_word' id='word_1_166' title='bbox 931 2741 1061 2796; x_wconf 88' lang='lat' dir='ltr'><strong>utuntur</strong></span> <span class='ocrx_word' id='word_1_167' title='bbox 1084 2732 1167 2796; x_wconf 91' lang='lat' dir='ltr'><strong>haud</strong></span> <span class='ocrx_word' id='word_1_168' title='bbox 1192 2732 1280 2796; x_wconf 90' lang='lat' dir='ltr'><strong>aliter</strong></span> 
     </span>
     <span class='ocr_line' id='line_1_22' title="bbox 111 2847 1349 2931; baseline -0.001 -21"><span class='ocrx_word' id='word_1_169' title='bbox 111 2876 119 2889; x_wconf 83' lang='lat'><strong>·</strong></span> <span class='ocrx_word' id='word_1_170' title='bbox 195 2870 284 2931; x_wconf 91' lang='lat' dir='ltr'><strong>quam</strong></span> <span class='ocrx_word' id='word_1_171' title='bbox 310 2848 430 2911; x_wconf 87' lang='lat' dir='ltr'><strong>formis:</strong></span> <span class='ocrx_word' id='word_1_172' title='bbox 455 2854 567 2922; x_wconf 80' lang='grc' dir='ltr'><em>νοῦσος,</em></span> <span class='ocrx_word' id='word_1_173' title='bbox 592 2847 697 2924; x_wconf 79' lang='grc' dir='ltr'><em>ξεῖνος,</em></span> <span class='ocrx_word' id='word_1_174' title='bbox 726 2848 876 2926; x_wconf 69' lang='grc' dir='ltr'><strong>ιγούνατα,</strong></span> <span class='ocrx_word' id='word_1_175' title='bbox 894 2853 1004 2926; x_wconf 78' lang='grc' dir='ltr'><em>κοῦρος,</em></span> <span class='ocrx_word' id='word_1_176' title='bbox 1023 2847 1095 2924; x_wconf 79' lang='grc' dir='ltr'><em>δουρί</em></span> <span class='ocrx_word' id='word_1_177' title='bbox 1101 2898 1110 2930; x_wconf 87' lang='grc'><em>,</em></span> <span class='ocrx_word' id='word_1_178' title='bbox 1126 2847 1278 2922; x_wconf 76' lang='grc' dir='ltr'><em>εἱλίσσειν,</em></span> <span class='ocrx_word' id='word_1_179' title='bbox 1346 2879 1349 2887; x_wconf 54' lang='grc'><strong>’</strong></span> 
     </span>
     <span class='ocr_line' id='line_1_23' title="bbox 194 2959 1279 3049; baseline -0.002 -25"><span class='ocrx_word' id='word_1_180' title='bbox 194 2959 304 3040; x_wconf 81' lang='grc' dir='ltr'><em>εἵνεκα,</em></span> <span class='ocrx_word' id='word_1_181' title='bbox 335 2961 509 3038; x_wconf 81' lang='grc' dir='ltr'><em>μαστεύειν,</em></span> <span class='ocrx_word' id='word_1_182' title='bbox 541 2961 655 3040; x_wconf 83' lang='grc' dir='ltr'><em>Φιτύειν</em></span> <span class='ocrx_word' id='word_1_183' title='bbox 691 2969 759 3044; x_wconf 90' lang='lat' dir='ltr'><strong>(pro</strong></span> <span class='ocrx_word' id='word_1_184' title='bbox 783 2960 940 3049; x_wconf 72' lang='grc' dir='ltr'><em>ματεύεὶν,</em></span> <span class='ocrx_word' id='word_1_185' title='bbox 965 2959 1131 3044; x_wconf 80' lang='grc' dir='ltr'><em>φυτεύειν),</em></span> <span class='ocrx_word' id='word_1_186' title='bbox 1158 2960 1279 3023; x_wconf 81' lang='lat' dir='ltr'><strong>articuli</strong></span> 
     </span>
     <span class='ocr_line' id='line_1_24' title="bbox 194 3073 1277 3159; baseline 0.001 -22"><span class='ocrx_word' id='word_1_187' title='bbox 194 3075 297 3138; x_wconf 89' lang='lat' dir='ltr'><strong>formis</strong></span> <span class='ocrx_word' id='word_1_188' title='bbox 315 3074 532 3159; x_wconf 86' lang='lat' dir='ltr'><strong>incipientibus</strong></span> <span class='ocrx_word' id='word_1_189' title='bbox 551 3099 568 3139; x_wconf 89' lang='lat' dir='ltr'><strong>a</strong></span> <span class='ocrx_word' id='word_1_190' title='bbox 588 3076 768 3138; x_wconf 85' lang='lat' dir='ltr'><strong>consonanti</strong></span> <span class='ocrx_word' id='word_1_191' title='bbox 786 3097 839 3159; x_wconf 91' lang='lat' dir='ltr'><strong>pro</strong></span> <span class='ocrx_word' id='word_1_192' title='bbox 854 3074 1031 3158; x_wconf 91' lang='lat' dir='ltr'><strong>pronomine</strong></span> <span class='ocrx_word' id='word_1_193' title='bbox 1044 3073 1186 3157; x_wconf 84' lang='lat' dir='ltr'><strong>relativo,</strong></span> <span class='ocrx_word' id='word_1_194' title='bbox 1200 3074 1277 3138; x_wconf 87' lang='lat' dir='ltr'><strong>aliis.</strong></span> 
     </span>
    </p>

    <p class='ocr_par' dir='ltr' id='par_1_6' title="bbox 175 3187 1281 4185">
     <span class='ocr_line' id='line_1_25' title="bbox 240 3187 1279 3271; baseline 0.001 -21"><span class='ocrx_word' id='word_1_195' title='bbox 240 3191 291 3253; x_wconf 83' lang='lat'><strong>31.</strong></span> <span class='ocrx_word' id='word_1_196' title='bbox 315 3188 460 3268; x_wconf 76' lang='grc' dir='ltr'><em>βρέφος</em></span> <span class='ocrx_word' id='word_1_197' title='bbox 485 3187 651 3262; x_wconf 73' lang='grc' dir='ltr'><em>νεογνόν.</em></span> <span class='ocrx_word' id='word_1_198' title='bbox 677 3187 723 3251; x_wconf 86' lang='lat' dir='ltr'><strong>Of.</strong></span> <span class='ocrx_word' id='word_1_199' title='bbox 750 3191 832 3263; x_wconf 86' lang='grc'><strong>230,</strong></span> <span class='ocrx_word' id='word_1_200' title='bbox 858 3187 910 3250; x_wconf 91' lang='lat' dir='ltr'><strong>sed</strong></span> <span class='ocrx_word' id='word_1_201' title='bbox 935 3210 977 3251; x_wconf 91' lang='lat' dir='ltr'><strong>vs.</strong></span> <span class='ocrx_word' id='word_1_202' title='bbox 998 3191 1080 3250; x_wconf 80' lang='lat'><strong>1339</strong></span> <span class='ocrx_word' id='word_1_203' title='bbox 1100 3188 1279 3271; x_wconf 85' lang='lat' dir='ltr'><strong>postulante</strong></span> 
     </span>
     <span class='ocr_line' id='line_1_26' title="bbox 195 3300 1276 3382; baseline 0.003 -20"><span class='ocrx_word' id='word_1_204' title='bbox 195 3314 291 3363; x_wconf 84' lang='lat' dir='ltr'><strong>metro</strong></span> <span class='ocrx_word' id='word_1_205' title='bbox 323 3300 503 3376; x_wconf 68' lang='grc' dir='ltr'><em>νεόγονον</em></span> <span class='ocrx_word' id='word_1_206' title='bbox 533 3301 658 3382; x_wconf 82' lang='grc' dir='ltr'><em>βρέπος,</em></span> <span class='ocrx_word' id='word_1_207' title='bbox 689 3323 730 3365; x_wconf 91' lang='lat' dir='ltr'><strong>vs.</strong></span> <span class='ocrx_word' id='word_1_208' title='bbox 761 3304 837 3363; x_wconf 79' lang='lat'>100]</span> <span class='ocrx_word' id='word_1_209' title='bbox 868 3300 924 3364; x_wconf 88' lang='grc' dir='ltr'><em>όντι</em></span> <span class='ocrx_word' id='word_1_210' title='bbox 949 3302 1113 3381; x_wconf 75' lang='grc' dir='ltr'><em>νεογόνῳ</em></span> <span class='ocrx_word' id='word_1_211' title='bbox 1138 3311 1168 3364; x_wconf 91' lang='lat' dir='ltr'><strong>et</strong></span> <span class='ocrx_word' id='word_1_212' title='bbox 1193 3305 1276 3365; x_wconf 86' lang='grc'><strong>1431</strong></span> 
     </span>
     <span class='ocr_line' id='line_1_27' title="bbox 194 3401 1280 3502; baseline 0.003 -25"><span class='ocrx_word' id='word_1_213' title='bbox 194 3415 292 3492; x_wconf 75' lang='grc' dir='ltr'><em>δέραια</em></span> <span class='ocrx_word' id='word_1_214' title='bbox 315 3401 589 3495; x_wconf 73' lang='grc' dir='ltr'><em>παιδὶνεογόνῳ.</em></span> <span class='ocrx_word' id='word_1_215' title='bbox 628 3414 719 3498; x_wconf 83' lang='lat' dir='ltr'><strong>Apud</strong></span> <span class='ocrx_word' id='word_1_216' title='bbox 744 3415 924 3500; x_wconf 83' lang='lat' dir='ltr'><strong>Sophoclem</strong></span> <span class='ocrx_word' id='word_1_217' title='bbox 954 3423 1063 3479; x_wconf 88' lang='lat' dir='ltr'><strong>neutra</strong></span> <span class='ocrx_word' id='word_1_218' title='bbox 1084 3416 1280 3502; x_wconf 89' lang='lat' dir='ltr'><strong>formarepe·</strong></span> 
     </span>
     <span class='ocr_line' id='line_1_28' title="bbox 175 3525 1278 3615; baseline 0.007 -28"><span class='ocrx_word' id='word_1_219' title='bbox 175 3525 288 3615; x_wconf 14' lang='lat' dir='ltr'><strong>uritur,</strong></span> <span class='ocrx_word' id='word_1_220' title='bbox 324 3526 405 3611; x_wconf 90' lang='lat' dir='ltr'><strong>apud</strong></span> <span class='ocrx_word' id='word_1_221' title='bbox 440 3528 624 3611; x_wconf 85' lang='lat' dir='ltr'><strong>Aeschylum</strong></span> <span class='ocrx_word' id='word_1_222' title='bbox 657 3533 730 3612; x_wconf 88' lang='lat' dir='ltr'><strong>(Ag.</strong></span> <span class='ocrx_word' id='word_1_223' title='bbox 765 3532 865 3615; x_wconf 82' lang='grc'><strong>1163)</strong></span> <span class='ocrx_word' id='word_1_224' title='bbox 898 3531 991 3594; x_wconf 89' lang='lat' dir='ltr'><strong>semel</strong></span> <span class='ocrx_word' id='word_1_225' title='bbox 1025 3532 1156 3606; x_wconf 74' lang='grc' dir='ltr'><em>νεογνός,</em></span> <span class='ocrx_word' id='word_1_226' title='bbox 1187 3533 1278 3596; x_wconf 87' lang='lat' dir='ltr'><strong>semel</strong></span> 
     </span>
     <span class='ocr_line' id='line_1_29' title="bbox 194 3638 1281 3729; baseline 0.009 -30"><span class='ocrx_word' id='word_1_227' title='bbox 194 3638 347 3722; x_wconf 83' lang='lat' dir='ltr'><strong>(Choeph.</strong></span> <span class='ocrx_word' id='word_1_228' title='bbox 380 3643 458 3725; x_wconf 82' lang='lat'>530)</span> <span class='ocrx_word' id='word_1_229' title='bbox 486 3644 633 3718; x_wconf 69' lang='lat' dir='ltr'><strong>rroyrvn‘e,</strong></span> <span class='ocrx_word' id='word_1_230' title='bbox 657 3644 740 3726; x_wconf 92' lang='lat' dir='ltr'><strong>quod</strong></span> <span class='ocrx_word' id='word_1_231' title='bbox 764 3666 825 3707; x_wconf 92' lang='lat' dir='ltr'><strong>non</strong></span> <span class='ocrx_word' id='word_1_232' title='bbox 850 3656 895 3708; x_wconf 88' lang='lat' dir='ltr'><strong>est</strong></span> <span class='ocrx_word' id='word_1_233' title='bbox 918 3644 999 3728; x_wconf 91' lang='lat' dir='ltr'><strong>apud</strong></span> <span class='ocrx_word' id='word_1_234' title='bbox 1024 3645 1169 3729; x_wconf 91' lang='lat' dir='ltr'><strong>reliquos.</strong></span> <span class='ocrx_word' id='word_1_235' title='bbox 1206 3645 1281 3709; x_wconf 89' lang='lat' dir='ltr'><strong>Post</strong></span> 
     </span>
     <span class='ocr_line' id='line_1_30' title="bbox 195 3754 1280 3841; baseline 0.01 -29"><span class='ocrx_word' id='word_1_236' title='bbox 195 3773 346 3835; x_wconf 82' lang='lat' dir='ltr'><strong>syncopen</strong></span> <span class='ocrx_word' id='word_1_237' title='bbox 381 3764 523 3816; x_wconf 87' lang='lat' dir='ltr'><strong>accentus</strong></span> <span class='ocrx_word' id='word_1_238' title='bbox 552 3754 590 3818; x_wconf 90' lang='lat' dir='ltr'><strong>ab</strong></span> <span class='ocrx_word' id='word_1_239' title='bbox 620 3757 874 3841; x_wconf 87' lang='lat' dir='ltr'><strong>antipaenultima</strong></span> <span class='ocrx_word' id='word_1_240' title='bbox 898 3758 979 3822; x_wconf 87' lang='lat' dir='ltr'><strong>cedit</strong></span> <span class='ocrx_word' id='word_1_241' title='bbox 1003 3760 1035 3823; x_wconf 92' lang='lat' dir='ltr'><strong>in</strong></span> <span class='ocrx_word' id='word_1_242' title='bbox 1062 3759 1218 3836; x_wconf 88' lang='lat' dir='ltr'><strong>ultimam,</strong></span> <span class='ocrx_word' id='word_1_243' title='bbox 1244 3772 1280 3823; x_wconf 92' lang='lat' dir='ltr'><strong>ut</strong></span> 
     </span>
     <span class='ocr_line' id='line_1_31' title="bbox 194 3866 1279 3957; baseline 0.011 -31"><span class='ocrx_word' id='word_1_244' title='bbox 194 3887 230 3926; x_wconf 82' lang='lat' dir='ltr'><strong>ex</strong></span> <span class='ocrx_word' id='word_1_245' title='bbox 253 3866 359 3943; x_wconf 80' lang='grc' dir='ltr'><em>Τρύιος</em></span> <span class='ocrx_word' id='word_1_246' title='bbox 383 3867 417 3928; x_wconf 89' lang='lat' dir='ltr'><strong>fit</strong></span> <span class='ocrx_word' id='word_1_247' title='bbox 441 3873 546 3947; x_wconf 76' lang='grc' dir='ltr'><em>Τρῳάς.</em></span> <span class='ocrx_word' id='word_1_248' title='bbox 579 3869 632 3932; x_wconf 87' lang='lat' dir='ltr'><strong>Vs.</strong></span> <span class='ocrx_word' id='word_1_249' title='bbox 656 3873 696 3935; x_wconf 88' lang='grc'><strong>31</strong></span> <span class='ocrx_word' id='word_1_250' title='bbox 715 3878 745 3933; x_wconf 91' lang='lat' dir='ltr'><strong>et</strong></span> <span class='ocrx_word' id='word_1_251' title='bbox 763 3876 826 3935; x_wconf 85' lang='grc'><strong>233</strong></span> <span class='ocrx_word' id='word_1_252' title='bbox 848 3894 1042 3936; x_wconf 91' lang='lat' dir='ltr'><strong>numerorum</strong></span> <span class='ocrx_word' id='word_1_253' title='bbox 1063 3875 1140 3937; x_wconf 87' lang='lat' dir='ltr'><strong>ratio</strong></span> <span class='ocrx_word' id='word_1_254' title='bbox 1160 3882 1279 3957; x_wconf 89' lang='lat' dir='ltr'><strong>poetam</strong></span> 
     </span>
     <span class='ocr_line' id='line_1_32' title="bbox 194 3978 1279 4071; baseline 0.012 -32"><span class='ocrx_word' id='word_1_255' title='bbox 194 3979 240 4040; x_wconf 85' lang='lat' dir='ltr'><strong>uti</strong></span> <span class='ocrx_word' id='word_1_256' title='bbox 272 3978 451 4063; x_wconf 88' lang='lat' dir='ltr'><strong>prohibebat</strong></span> <span class='ocrx_word' id='word_1_257' title='bbox 482 3981 578 4046; x_wconf 86' lang='lat' dir='ltr'><strong>forma</strong></span> <span class='ocrx_word' id='word_1_258' title='bbox 608 3984 725 4061; x_wconf 88' lang='lat' dir='ltr'><strong>soluta,</strong></span> <span class='ocrx_word' id='word_1_259' title='bbox 759 3987 911 4068; x_wconf 88' lang='lat' dir='ltr'><strong>siquidem</strong></span> <span class='ocrx_word' id='word_1_260' title='bbox 941 3995 1059 4051; x_wconf 85' lang='lat' dir='ltr'><strong>constat</strong></span> <span class='ocrx_word' id='word_1_261' title='bbox 1089 3989 1219 4071; x_wconf 86' lang='lat' dir='ltr'><strong>tragicos</strong></span> <span class='ocrx_word' id='word_1_262' title='bbox 1247 3990 1279 4052; x_wconf 92' lang='lat' dir='ltr'><strong>in</strong></span> 
     </span>
     <span class='ocr_line' id='line_1_33' title="bbox 178 4093 1278 4185; baseline 0.011 -33"><span class='ocrx_word' id='word_1_263' title='bbox 178 4093 314 4154; x_wconf 89' lang='lat' dir='ltr'><strong>&#39;tertiam</strong></span> <span class='ocrx_word' id='word_1_264' title='bbox 347 4093 447 4156; x_wconf 90' lang='lat' dir='ltr'><strong>sedem</strong></span> <span class='ocrx_word' id='word_1_265' title='bbox 483 4118 544 4159; x_wconf 91' lang='lat' dir='ltr'><strong>non</strong></span> <span class='ocrx_word' id='word_1_266' title='bbox 581 4098 738 4161; x_wconf 89' lang='lat' dir='ltr'><strong>admisisse</strong></span> <span class='ocrx_word' id='word_1_267' title='bbox 774 4100 947 4184; x_wconf 82' lang='lat' dir='ltr'><strong>tribrachyn</strong></span> <span class='ocrx_word' id='word_1_268' title='bbox 980 4102 1099 4185; x_wconf 85' lang='lat' dir='ltr'><strong>integro</strong></span> <span class='ocrx_word' id='word_1_269' title='bbox 1132 4102 1278 4166; x_wconf 88' lang='lat' dir='ltr'><strong>vocabulo</strong></span> 
     </span>
    </p>
   </div>
   <div class='ocr_carea' id='block_1_3' title="bbox 188 4204 1278 4406">
    <p class='ocr_par' dir='ltr' id='par_1_7' title="bbox 188 4204 1278 4406">
     <span class='ocr_line' id='line_1_34' title="bbox 192 4204 1278 4298; baseline 0.016 -32"><span class='ocrx_word' id='word_1_270' title='bbox 192 4204 365 4275; x_wconf 83' lang='lat' dir='ltr'><strong>format-um.</strong></span> <span class='ocrx_word' id='word_1_271' title='bbox 401 4205 448 4271; x_wconf 84' lang='lat' dir='ltr'><strong>Of.</strong></span> <span class='ocrx_word' id='word_1_272' title='bbox 480 4228 508 4270; x_wconf 86' lang='lat' dir='ltr'><strong>o.</strong></span> <span class='ocrx_word' id='word_1_273' title='bbox 545 4229 570 4273; x_wconf 82' lang='lat' dir='ltr'><strong>r.</strong></span> <span class='ocrx_word' id='word_1_274' title='bbox 598 4230 758 4288; x_wconf 75' lang='lat' dir='ltr'><strong>uocauere,</strong></span> <span class='ocrx_word' id='word_1_275' title='bbox 790 4217 975 4298; x_wconf 77' lang='lat' dir='ltr'><strong>depectitur</strong></span> <span class='ocrx_word' id='word_1_276' title='bbox 998 4218 1104 4281; x_wconf 76' lang='lat' dir='ltr'><strong>solutio</strong></span> <span class='ocrx_word' id='word_1_277' title='bbox 1128 4221 1160 4280; x_wconf 85' lang='grc' dir='ltr'><em>ι’νο</em></span> <span class='ocrx_word' id='word_1_278' title='bbox 1184 4219 1278 4283; x_wconf 81' lang='lat' dir='ltr'><strong>dialo-</strong></span> 
     </span>
     <span class='ocr_line' id='line_1_35' title="bbox 188 4326 633 4406; baseline 0.004 -24"><span class='ocrx_word' id='word_1_279' title='bbox 188 4341 296 4404; x_wconf 74' lang='lat' dir='ltr'><strong>gorum</strong></span> <span class='ocrx_word' id='word_1_280' title='bbox 317 4326 465 4396; x_wconf 70' lang='lat' dir='ltr'><strong>accurris,</strong></span> <span class='ocrx_word' id='word_1_281' title='bbox 490 4344 558 4406; x_wconf 89' lang='lat' dir='ltr'><strong>pag.</strong></span> <span class='ocrx_word' id='word_1_282' title='bbox 583 4327 633 4391; x_wconf 80' lang='lat'><strong>56.</strong></span> 
     </span>
    </p>
   </div>
   <div class='ocr_carea' id='block_1_4' title="bbox 0 0 1560 4914">
    <p class='ocr_par' dir='ltr' id='par_1_8' title="bbox 0 0 1560 4914">
     <span class='ocr_line' id='line_1_36' title="bbox 0 0 1560 4914; baseline 0 0"><span class='ocrx_word' id='word_1_283' title='bbox 0 0 1560 4914; x_wconf 95' lang='lat' dir='ltr'><strong> </strong></span> 
     </span>
    </p>
   </div>
  </div>
 </body>
</html>
