3112 4914
285 394 347 459 178
702 416 955 460 oonmnnrnmns.

283 608 410 694 profecti
442 609 512 673 sint.
556 608 646 673 Certe
678 610 715 673 iis
745 610 864 674 omissis
889 633 1011 694 prorsus
1035 611 1114 676 idem
1141 612 1370 698 dicituridque

283 722 356 786 stilo
381 722 465 786 haud
490 722 593 807 panllo
617 724 752 787 meliore.
778 726 1008 805 Ἐκκαροοοῦοθοιν
1033 723 1107 788 alibi
1132 725 1213 810 apud
1238 727 1370 809 tragicos

283 859 345 899 non
369 844 484 912 exstat,
511 835 635 901 verbnm
660 837 790 921 simplex
814 859 876 900 non
899 859 1000 902 rarum
1025 847 1078 902 est.

329 952 390 1015 817
409 972 455 1034 sq,
479 952 543 1015 οὐκ
566 950 730 1030 ἔστεργέ
753 974 810 1014 σον
835 949 964 1026 θμονος
988 949 1093 1016 εἶναι.
1119 951 1368 1016 Rarissimacon·

281 1066 410 1129 structio
436 1087 489 1149 pro
513 1065 694 1149 Part-impio,
720 1067 808 1130 cuius
832 1066 960 1129 alterum
985 1066 1158 1150 exemplum
1181 1067 1213 1130 in
1240 1068 1367 1150 antiqua

282 1179 454 1243 Graecitate
489 1179 644 1254 desidero,
682 1201 775 1262 quare
811 1178 946 1243 dubitari
979 1186 1097 1264 potest,
1129 1202 1203 1244 num
1228 1181 1271 1244 sic
1294 1181 1368 1244 olim

280 1293 429 1376 scriptam
452 1292 550 1356 fuerit.
586 1292 624 1355 In
649 1293 683 1356 P.
708 1302 802 1375 qunm
827 1293 867 1356 sit
889 1289 983 1370 θμονθς
1006 1296 1045 1367 ν’,
1066 1293 1197 1356 venitin
1214 1302 1366 1358 mentem:

279 1403 372 1482 θμονος
396 1406 431 1470 ὤν
454 1429 497 1475 τις
521 1443 565 1453 -
587 1405 692 1485 φέρων.
729 1405 788 1469 Sed
811 1406 940 1468 fortasse
964 1413 1049 1469 totus
1073 1427 1114 1468 vs.
1132 1416 1167 1468 ut
1183 1407 1306 1490 spurius
1322 1415 1368 1470 eet

280 1517 476 1582 abiiciendns.
520 1518 569 1581 ita
601 1521 651 1582 οὐκ
682 1516 804 1597 ἔστεργέ
826 1542 868 1583 σον
892 1519 1092 1602 significabit:
1120 1527 1156 1582 te
1181 1542 1256 1583 non
1281 1530 1368 1584 erat

280 1641 509 1696 contentus.
552 1632 598 1696 De
628 1633 749 1716 imponi
781 1633 913 1697 virorum
945 1634 977 1697 in
1009 1633 1068 1697 hoc
1090 1656 1201 1718 genere
1224 1634 1364 1711 licentia,

279 1747 353 1810 dum
384 1769 493 1810 uxores
524 1769 586 1810 uno
616 1747 680 1810 viro
705 1755 866 1810 contentae
889 1753 1019 1811 aetatem
1042 1769 1130 1832 agere
1154 1748 1220 1832 lege
1244 1757 1275 1812 et
1300 1771 1366 1813 mo-

279 1860 365 1925 ribus
397 1869 562 1945 cogantur,
596 1861 663 1923 ride
695 1861 877 1924 iustissimas
910 1860 1001 1944 Syrao
1034 1862 1172 1946 querelas
1203 1863 1236 1927 in
1261 1862 1366 1927 Plauti

281 1976 466 2050 Mercatore,
505 1977 567 2037 805
585 1995 652 2056 sqq.
696 1977 840 2051 Ἀγαοεῖνν
872 1996 994 2059 qnoque
1026 1997 1096 2038 cum
1128 1975 1288 2040 Infinitive
1307 1951 1365 2062 'pro

279 2089 440 2175 participio
464 2111 525 2152 non
550 2089 673 2172 reperiri
696 2088 819 2151 videtur
841 2089 900 2151 nisi
916 2088 999 2172 apud
1016 2091 1187 2171 sequiores,
1205 2090 1304 2176 qualis
1321 2098 1366 2154 est

280 2202 483 2266 Herodianus.
521 2201 569 2264 Ad
603 2202 798 2287 participium
830 2211 899 2286 post
928 2201 1061 2281 στέργειν
1086 2203 1125 2266 cf.
1156 2195 1259 2288 Hipp.'
1281 2208 1364 2280 458,

280 2315 427 2379 Androm.
458 2317 529 2390 180,
554 2313 648 2400 Soph.
672 2315 779 2380 Tmch.
804 2317 878 2379 992.
909 2314 992 2378 Loco
1009 2315 1137 2380 Medeae
1155 2320 1217 2381 635
1236 2316 1367 2382 libenter

278 2429 421 2512 legerim:
453 2428 663 2508 στέργονμν
696 2429 733 2492 δέ
767 2428 1037 2510 σωφροσύναν,
1065 2430 1182 2510 δθρνρμα
1204 2430 1362 2497 κάλλιστον

278 2545 343 2608 θεῶν
367 2564 421 2627 pro
445 2543 604 2623 στέργον
628 2542 666 2607 δέ
688 2567 736 2619 με
758 2543 992 2623 οωφροσθνα
1014 2544 1075 2608 xri.

325 2659 399 2720 819.
424 2657 598 2737 νυμφεύσας
622 2655 791 2720 verecunde
815 2656 932 2719 dictum
956 2679 1011 2741 pro
1034 2658 1259 2736 συγγενόμενος.

324 2772 398 2834 800.
422 2768 669 2847 ἐξενωμένον,
693 2792 863 2853 peregre
886 2770 1063 2835 missum.
1087 2769 1134 2834 Of.
1155 2771 1249 2856 Hipp.
1270 2774 1365 2850 1088,

278 2883 370 2967 Soph.
394 2883 501 2949 Trach.
526 2887 578 2947 08.
604 2883 743 2948 Dubium
768 2892 871 2946 utrum
897 2883 954 2946 hoc
978 2893 1068 2967 poeta
1091 2884 1221 2966 voluerit
1236 2907 1274 2948 an
1292 2883 1365 2960 ἒξε-

278 2995 470 3075 νωμένων,
507 2997 635 3060 alicui
671 2995 970 3079 Delphicorum
1010 2997 1245 3080 hospitum,
1281 2998 1364 3082 quod

279 3112 450 3175 coniectum
475 3133 492 3174 a
515 3111 638 3175 Beekio.

325 3227 399 3287 823.
425 3224 754 3302 ἐκτεθραμμένον,
779 3224 983 3301 adultum,
1007 3224 1028 3289 i.
1053 3247 1077 3288 e.
1102 3222 1312 3302 ἐξανδρωμένον.

325 3339 388 3399 806
409 3357 474 3419 sqq.
504 3336 590 3399 locus
614 3338 743 3421 pessime
767 3337 901 3403 habitus.
934 3336 1071 3400 Primum
1096 3337 1177 3399 enim
1202 3337 1364 3400 manifesto

278 3450 496 3514 inconcinnum
521 3458 566 3512 est
590 3448 756 3528 κᾶπλεκεν,
781 3473 836 3537 pro
861 3473 922 3536 quo
947 3449 1137 3515 Valckenaar
1155 3450 1193 3513 ad
1211 3449 1303 3535 Hipp.
1321 3424 1364 3512 80

278 3568 328 3627 καὶ
353 3564 455 3628 πλέοιεν
476 3563 622 3639 coniecit,
640 3563 692 3626 sed
709 3565 821 3627 rectius
839 3563 1018 3628 Heimsoeth
1035 3564 1136 3627 iunxit
1152 3585 1222 3626 cum
1238 3584 1364 3647 sequen·

278 3676 362 3741 tibus
397 3686 567 3741 correctum
602 3677 633 3740 in
668 3676 721 3741 καὶ
753 3677 883 3757 πλέκων,
917 3678 1018 3741 deleto
1043 3677 1271 3762 hypostigmate
1295 3684 1365 3761 post

278 3792 410 3870 rescinde,
435 3814 526 3876 qnam
551 3793 768 3856 correctionem
792 3793 902 3877 recepi.
927 3792 1013 3856 Idem
1037 3791 1148 3855 deinde
1171 3813 1225 3876 pro
1241 3812 1363 3874 corrup·

278 3906 396 3969 tissimo
422 3928 464 3969 vs.
491 3910 554 3969 828
580 3906 751 3990 suspicatus
776 3913 822 3970 est
844 3908 936 3970 λαθὼν
963 3907 992 3971 δὲ
1016 3906 1111 3987 κανρδν
1126 3905 1361 3982 εὐλαβούμενος,

276 4020 379 4094 τέλος,
412 4027 535 4104 accepto
565 4042 582 4083 a
611 4019 787 4104 Musgravio
815 4020 908 4084 λαθών
932 4041 987 4104 pro
1010 4020 1115 4096 ἐλθών,
1140 4017 1222 4102 quod
1246 4017 1363 4102 etipse

276 4155 345 4197 cnm
371 4131 513 4196 Nauckio
538 4134 645 4197 admisi
670 4135 701 4197 in
726 4141 853 4198 textum.
891 4132 1001 4196 Iacobs
1025 4133 1186 4218 proposuit
1208 4131 1311 4208 λαβὼν
1334 4131 1363 4194 δὲ

274 4246 370 4326 καορδν
393 4246 494 4327 φθόνον
517 4248 679 4325 ἀμύνεσθαι
705 4247 809 4323 θέλων,
835 4247 961 4331 Madvig
980 4248 1073 4311 λαθὼν
1089 4245 1183 4310 δὲκαὶ
1199 4244 1361 4325 νδνφθονδν

274 4361 474 4440 ἀμαυροῦσθαι
499 4360 545 4422 vel
568 4375 598 4424 λ.
623 4361 648 4425 δ.
672 4384 700 4423 κ.
725 4385 753 4426 r.
778 4359 879 4441 φθόνον
902 4360 1063 4438 αμθνεοθαν
1087 4362 1190 4434 δοκῶν,
1220 4379 1300 4422 cum
1325 4379 1361 4419 se
