3112 4914
648 416 898 461 connumeratos.
1250 388 1313 454 155

231 610 250 673 i.
270 633 294 675 e.
319 612 451 695 primum
471 613 597 696 gradum
617 612 776 696 dignitatis
792 612 872 675 inter
888 611 977 686 cives,
996 608 1173 694 metaphora
1188 615 1313 692 sumpta

192 726 196 732 ’
230 746 248 786 a
278 747 309 787 re
341 723 458 801 navali,
493 736 527 789 ut
556 727 805 809 frequentissima
829 734 875 789 est
905 725 986 809 apud
1011 737 1116 809 poetas
1139 722 1313 808 praesertim

232 838 415 922 comparatio
451 862 553 903 navem
590 839 670 903 inter
700 848 731 903 et
759 838 990 923 rempublicam.
1029 839 1143 902 Phoen.
1177 841 1217 901 72
1250 834 1313 900 ἐπεὶ

232 951 256 1012 δ’
278 950 330 1013 ἐπὶ
349 951 447 1031 ζυγοῖς
470 951 600 1033 καθέζετ’
623 954 731 1033 οὶρχής.
764 951 844 1016 Vide
868 974 946 1036 quae
969 951 1073 1015 notavi
1090 951 1128 1015 ad
1145 950 1220 1013 Oed.
1239 949 1313 1032 Reg.

233 1066 306 1128 928.
341 1064 439 1128 Sensu
471 1066 593 1150 proprio
626 1065 693 1130 Hel.
723 1069 808 1130 1582
837 1067 934 1150 (ναῦν)
958 1065 1053 1146 ζυγῶν
1075 1088 1109 1128 τε
1133 1065 1315 1137 πεντήκοντα

230 1178 382 1256 κάρετμῶν
404 1177 499 1257 μέτρα
521 1177 665 1257 ἔχουσαν,
689 1179 709 1243 i.
730 1201 755 1242 e.
780 1177 1011 1258 πεντηκόντορον,
1037 1176 1243 1261 metaphorioo
1265 1196 1314 1260 ap.

232 1291 343 1355 Aesch.
370 1293 427 1377 Ag.
456 1295 538 1356 1618
564 1293 731 1377 Aegisthus
756 1293 793 1357 ad
818 1315 922 1357 senes:
947 1294 983 1358 οὺ
1003 1299 1103 1357 ταῦτα
1122 1297 1227 1374 φωνεῖς
1245 1312 1317 1370 νερ-

232 1406 323 1488 τέρᾳ
346 1409 520 1487 προσήμενος
544 1409 668 1490 κώπρ,
693 1408 871 1489 κροτούντων
893 1417 948 1473 τῶν
971 1409 1018 1472 ἐπὶ
1041 1408 1142 1489 ζυγῷ
1164 1406 1285 1487 δορός,

171 1544 173 1550 ’
279 1525 351 1585 596.
375 1521 465 1602 ζητῶ
487 1546 546 1594 τις
571 1519 673 1587 εἶναι.
704 1523 892 1608 Frequenter
908 1524 951 1587 ita
967 1524 1138 1606 loquuntur
1155 1522 1316 1603 utriusque

233 1633 357 1718 linguae
381 1636 552 1718 soriptores.
587 1635 742 1700 Iuvenalis
767 1636 793 1710 Ι,
819 1639 878 1700 78ι
907 1636 1001 1700 aude
1025 1633 1172 1718 aliquid
1195 1631 1318 1696 brevi-

234 1746 306 1810 bus
330 1747 476 1832 Gyaris
501 1758 538 1812 et
562 1772 722 1814 oaroere
747 1751 929 1835 dignum,
955 1749 987 1812 si
1011 1749 1066 1811 vis
1086 1765 1317 1824 esseaniqots.

235 1859 300 1923 Hao
323 1871 425 1925 autem
449 1863 574 1926 notione
599 1865 701 1927 nescio
724 1887 763 1928 an
787 1886 848 1928 non
872 1874 954 1928 reete
976 1863 1021 1933 τὶς
1045 1861 1197 1925 scribatur
1213 1861 1316 1937 ἐναλι-

232 1982 334 2053 τικῶς;
358 1978 484 2061 ponitur
506 1978 587 2041 euim
611 2000 679 2042 eum
703 1979 855 2063 emphasi,
881 1979 984 2062 itaque
1003 1986 1131 2040 accentu
1148 1996 1249 2038 carere
1267 1973 1316 2036 via

233 2089 345 2172 potuit.
382 2089 598 2174 Obtemperavi
622 2101 720 2156 tamen
746 2090 971 2155 consuetudini.

206 2265 207 2269 ,
280 2205 353 2267 597.
385 2204 671 2280 μισησόμεσθα.
714 2203 865 2268 Futurum
899 2203 1051 2289 passieum
1079 2202 1175 2266 forma
1208 2199 1316 2263 media.

233 2313 280 2379 Of.
311 2320 386 2379 611.
419 2314 513 2401 Soph.
546 2316 582 2380 Ο.
606 2317 643 2380 R.
674 2320 738 2381 272
759 2318 938 2400 φήεροῦμαι,
961 2316 1001 2380 ib.
1027 2318 1089 2380 672
1114 2314 1317 2390 στερήσεται,

236 2424 308 2492 Ant.
342 2432 405 2492 216
437 2432 612 2508 τιμήσεται,
645 2429 717 2496 Eur.
747 2430 815 2516 Iph.
846 2432 884 2496 A.
912 2433 974 2496 247
999 2431 1141 2504 εὀἒοομαι,
1166 2425 1207 2492 ib.
1235 2428 1317 2491 1486

234 2541 381 2618 ἀδικήσει,
419 2543 539 2608 Heraol.
577 2546 641 2608 884
674 2543 922 2622 μνήμονεύσεται,
958 2542 1041 2607 Med.
1077 2546 1142 2608 474
1177 2543 1301 2615 λυπήσει
1309 2588 1318 2622 ,

235 2652 336 2719 Orest.
372 2659 436 2719 440
473 2657 602 2732 οἴσεται,
638 2657 707 2742 Iph.
739 2657 774 2722 Τ.
811 2660 892 2724 1047
925 2655 1051 2733 λέξεται.
1091 2655 1206 2719 Phoen.
1237 2656 1317 2716 1681

233 2768 404 2850 κηρύξεται,
438 2771 545 2856 Suppl.
576 2776 637 2836 521
671 2770 890 2849 ἐπιταξόμεήα,
923 2770 1032 2836 Aesoh.
1056 2769 1139 2853 Sept.
1167 2770 1227 2831 182
1250 2767 1319 2845 βον-

234 2885 382 2960 λεύσεται,
407 2885 501 2949 Arist.
524 2884 609 2949 Nub.
634 2888 694 2950 127
717 2884 885 2962 διδάξομαι,
908 2885 1012 2970 Equit.
1035 2887 1097 2948 869
1119 2882 1321 2962 θρανεύσεται,

237 2997 344 3061 Herot.
369 2998 414 3074 II,
443 3001 503 3062 115
527 3000 732 3078 περιέψεοήαί,
760 2999 839 3064 Xen.
863 2999 979 3079 Oecon.
1004 2997 1060 3076 IV,
1087 3001 1105 3061 9
1130 2995 1319 3078 (pontisara,

235 3109 277 3174 ih.
311 3110 368 3187 IX,
404 3115 441 3174 11
472 3114 713 3190 αντιπιμήσεται,
739 3112 819 3176 Plat.
843 3113 966 3177 Theaet.
996 3114 1053 3176 171
1073 3111 1100 3174 Β
1123 3110 1321 3189 οἰμφιοβήτή-

235 3248 320 3289 σεται
344 3263 387 3274 -
410 3227 640 3302 ὁμολογήσειαν,
665 3225 707 3290 ib.
736 3231 797 3290 182
823 3226 848 3289 O
871 3228 1037 3302 κινήσεται,
1064 3224 1136 3309 Rep.
1154 3224 1192 3299 V,
1210 3223 1321 3286 45111)

234 3340 450 3416 ἀπιστήσεται,
484 3338 580 3403 Τίιιιο.
615 3339 640 3416 Ι,
674 3343 727 3415 68,
761 3339 812 3402 ΙΙΙ
843 3342 885 3402 43
911 3341 1137 3414 πολεμήσονται,
1162 3336 1254 3412 VIII,
1279 3341 1320 3399 48

234 3454 509 3533 δήμοκρατήσονται.
545 3454 693 3518 Similiter
716 3455 874 3534 θρέψομαι,
899 3454 1080 3534 βακψομαι,
1109 3454 1320 3531 ὠφελήοομαι,

201 3558 203 3563 1
235 3567 294 3630 alia
326 3567 496 3651 permulta,
529 3567 642 3651 quibus
673 3568 801 3632 fortasse
824 3567 998 3632 addendum
1022 3566 1321 3645 σννκαπαοκοέψομαι

235 3703 270 3744 ex
306 3681 374 3744 loco
410 3681 524 3744 Phoeu.
562 3682 644 3757 886,
678 3666 736 3745 nbi
761 3682 853 3746 hodie
886 3683 999 3766 legitur
1029 3683 1065 3746 σὺ
1097 3681 1123 3744 δ’
1147 3676 1168 3744 ὦ
1191 3680 1320 3744 τοὶλαινα

234 3795 602 3871 σννκατασκοὶπτει
627 3796 709 3872 πόλι,
736 3797 788 3860 sed
814 3797 913 3860 verius
938 3796 1058 3859 videtur
1082 3797 1221 3859 futurum
1237 3816 1322 3869 συγ·

234 3911 503 3987 κατασκήψει.
530 3909 613 3973 Haeo
637 3918 740 3973 autem
764 3909 901 3994 exempla
928 3908 1082 3971 ‘sufficiant
1098 3906 1269 3984 tironibus,
1289 3916 1322 3970 ut

235 4026 358 4088 videant
390 4026 470 4109 apud
506 4023 618 4110 probos
642 4037 671 4087 et
696 4025 840 4109 antiquos
865 4025 1027 4108 scriptores
1052 4025 1197 4086 latissime
1221 4031 1322 4106 patere

234 4137 313 4201 hanc
336 4139 502 4216 rationem,
528 4140 577 4202 oui
601 4160 691 4222 quam
709 4139 812 4201 infesti
830 4137 946 4201 librarii
966 4137 1093 4223 fuerim,
1112 4159 1127 4197 e
1145 4133 1322 4198 melioribus

235 4251 320 4315 libris
345 4274 562 4336 saepenumero
587 4252 828 4316 demonstratum
853 4262 900 4315 est
923 4251 960 4314 ah
984 4249 1121 4314 eruditis.

280 4369 354 4431 588.
393 4365 567 4428 Sententia:
594 4366 663 4448 qui
688 4388 772 4429 vero
797 4365 884 4429 honi
909 4368 1011 4446 (sensu
1034 4363 1176 4450 politico,
1194 4371 1230 4430 ut
1246 4361 1324 4429 arbi·
