3112 4914
293 361 357 425 160
702 377 956 423 conseramus.

336 574 410 636 699.
435 573 532 655 ἐκνικᾷ
555 571 646 655 τάδε,
672 578 839 657 superat
862 572 973 644 haee,
998 593 1037 638 so.
1061 569 1317 635 incommoda.

336 688 409 750 630.
433 685 581 765 ψόγους
604 686 755 760 κλύειν,
780 685 874 749 male
897 684 1255 763 11111111οεψέγεσ9οιι.
1281 683 1376 769 Saepe

290 799 384 877 ψόγος
407 807 436 864 et
460 803 547 877 λόγος
571 800 720 865 confundi
744 809 850 864 notum
877 808 931 866 est.
954 801 1004 864 Ita
1027 799 1142 864 Phoen.
1171 804 1231 864 199
1253 801 1374 864 malim:

290 915 414 995 σμικροὶς
437 917 467 979 τ’
490 917 631 995 οέφορμοὶς
654 916 686 989 ἢν
711 915 827 992 λάβωσι
851 921 907 979 τῶν
929 913 1071 993 ψόγων.

337 1030 409 1093 631.
433 1026 569 1109 σῴζειν
592 1051 681 1113 saepe
705 1035 751 1092 est
774 1026 953 1109 Φνλοὶτσειν,
970 1027 1198 1092 custodire.
1223 1026 1268 1092 Os.
1286 1026 1376 1093 Rhes.

291 1142 374 1217 979,
399 1156 488 1226 saepe
510 1149 604 1222 τηρεῖν
628 1141 864 1219 observare,
889 1149 924 1205 ut
948 1163 1040 1225 supra
1065 1145 1105 1204 99
1132 1149 1161 1205 et
1182 1141 1375 1208 1111111393.

338 1258 402 1319 639
426 1242 590 1340 suspectus
611 1256 676 1321 sine
700 1277 789 1320 eausa
813 1255 941 1331 idonea,
967 1264 1002 1319 ut
1029 1255 1159 1332 videtur,
1185 1256 1377 1321 Weckleino.

302 1426 304 1430 ⁴
337 1371 399 1432 635
418 1391 462 1455 sq.
488 1368 722 1447 „Conferendus
743 1392 840 1434 sermo
857 1367 1031 1433 Charmidis
1047 1370 1127 1453 apud
1146 1369 1376 1455 Xenophonteo

291 1482 323 1546 in
358 1481 577 1560 Convivi05
608 1484 639 1548 in
673 1505 735 1568 quo
766 1483 842 1547 dicit
868 1480 927 1547 sibi
955 1483 993 1546 ad
1018 1491 1230 1567 paupertatem
1255 1483 1376 1549 redacto

292 1595 505 1661 ὑπιονίστκνσοιι
536 1597 586 1672 ἤδη
617 1596 709 1662 θιὲκων
741 1598 790 1662 uzi
821 1597 888 1661 ὁδῶν
916 1596 1085 1674 ἕξίσσοιντοιι
1112 1598 1137 1661 οἱ
1161 1599 1301 1664 πλούσιοι.
1337 1598 1374 1662 Id

291 1709 409 1773 scilieet
431 1710 555 1774 iubebat
578 1711 858 1794 sycoplrantiarum,
871 1711 1003 1775 metus.'’
1023 1711 1149 1776 Mesoa.
1175 1711 1224 1775 Ad
1241 1719 1377 1777 structu-

292 1846 354 1889 ram
379 1825 417 1888 of.
443 1824 550 1889 Aeseh.
574 1825 674 1889 Prom.
699 1827 781 1900 361,
806 1824 880 1890 Eur.
908 1825 981 1891 Heu.
1008 1828 1080 1891 176.

339 1939 411 2003 637.
435 1935 566 2003 εἴκειν.
597 1937 666 2001 Hel.
692 1940 777 2001 1939
802 1937 1031 2022 exspectabam:
1056 1937 1159 2018 χρονία
1181 1938 1235 2013 μὲν
1257 1936 1388 2009 εἴκεις

295 2073 349 2135 pro
374 2047 498 2125 ἦλθες.

339 2166 412 2228 638.
436 2165 525 2228 θεῶν
548 2163 573 2227 δ’
596 2164 632 2227 ἕν
655 2164 800 2244 ἐύχοιῒς
822 2163 840 2239 d
864 2165 1054 2242 λόγοισιν.
1088 2164 1251 2247 Musgrave
1271 2163 1379 2228 laudat

295 2276 495 2340 Heliodorum
526 2277 686 2362 Aethiop:
714 2277 731 2353 a
755 2277 815 2358 γὰρ
838 2279 907 2358 πρὸς
931 2280 1011 2359 ἱεροῖς
1034 2273 1067 2350 ἦν
1092 2278 1109 2354 ἢ
1133 2279 1162 2342 ἕν
1185 2278 1294 2350 θνσίκις
1317 2275 1377 2353 ἑξκ-

160 2430 162 2434 ⁴
230 2461 232 2466 .
294 2389 425 2471 σοιζόμλν
448 2428 492 2439 -
516 2392 532 2466 ἢ
555 2397 749 2472 Φιλοσοφοῦσι
773 2391 954 2468 διελεγόμην.

340 2506 413 2570 639.
437 2505 666 2583 χοιὶρονσιν.
691 2508 730 2570 οὐ
753 2505 974 2583 γοωμένοις.
999 2503 1101 2567 Locus
1125 2505 1381 2568 tentatusamul-

294 2618 350 2696 tis,
374 2616 426 2681 sed
447 2615 486 2680 ab
508 2617 651 2682 omnihus
667 2619 723 2694 ita,
742 2625 777 2681 ut
792 2618 961 2682 tentamina
976 2639 1142 2681 memorare
1158 2617 1379 2701 supersedeam.

244 2756 248 2761 ’
294 2731 326 2795 Si
345 2731 421 2816 quid
438 2730 578 2795 ascribis
596 2740 751 2817 peceatum
770 2741 867 2809 esset,
885 2755 988 2817 posses
1003 2732 1136 2813 χοιίοονσι
1148 2732 1197 2796 κοι1
1210 2733 1377 2818 γοωμένοις,

297 2851 333 2908 ut
365 2844 480 2908 diceret
505 2845 542 2909 Io
565 2868 597 2909 se
621 2845 763 2910 omnibus
788 2847 840 2929 qui
865 2846 1022 2909 oraculum
1047 2845 1165 2909 adirent
1189 2847 1254 2910 sine
1278 2847 1380 2911 discri-

296 2959 378 3022 mine
410 2959 474 3022 sive
498 2958 586 3021 laetis
610 2959 671 3023 sive
694 2944 833 3022 tristibus
858 2959 954 3023 officia
980 2967 1134 3044 praestare
1157 2959 1279 3024 solitum
1306 2983 1380 3026 esse.

296 3077 340 3138 At
372 3074 475 3158 potius
510 3073 587 3136 nihil
618 3073 809 3138 mutandum.
851 3073 950 3158 Supra
985 3077 1048 3137 945
1081 3073 1175 3137 dixit:
1208 3071 1240 3139 οὗ
1270 3074 1380 3148 πάντες

296 3186 382 3252 ἄλλοι
405 3188 510 3264 γύαλον
533 3186 704 3259 λεύσσοντες
729 3189 790 3252 θεοῦ
812 3188 946 3268 χαίρουσι
966 3190 1026 3254 κτὲ.
1052 3187 1182 3250 Addidit
1199 3195 1301 3252 autem
1319 3189 1347 3253 h.
1360 3189 1380 3254 1.

296 3303 327 3365 οὐ
351 3299 520 3378 γοωμένοις,
547 3307 582 3364 ut
606 3302 705 3364 acrius
729 3301 839 3365 laetam
864 3324 949 3365 suam
975 3311 1086 3366 sortem
1112 3302 1259 3365 laetorum
1285 3303 1380 3366 homi-

297 3436 371 3477 nnm
396 3413 563 3477 commodis
588 3414 779 3479 inservientis
796 3423 930 3500 opponat
948 3426 1092 3500 tyranno,
1111 3438 1198 3502 quem
1217 3417 1381 3478 continuus

298 3534 398 3590 metus
435 3537 524 3610 cogat
559 3527 749 3593 lacrimarum
787 3537 940 3593 auctorem
977 3553 1041 3594 esse
1076 3529 1194 3594 civibus
1224 3530 1298 3593 suis.
1334 3528 1381 3594 Of.

297 3664 389 3725 supra
422 3644 482 3706 697
510 3664 555 3726 sq.
587 3651 618 3707 et
650 3643 873 3728 pulcherrimus
897 3644 982 3708 loeus
1006 3643 1079 3710 Eur.
1103 3643 1209 3730 Suppl.
1232 3646 1297 3707 443
1314 3665 1379 3728 sqq.

296 3754 383 3818 Ionis
415 3756 597 3820 seutentiam
630 3756 765 3821 illustrat
792 3758 898 3841 fragm.
923 3761 940 3822 7
952 3785 959 3821 :
983 3757 1160 3838 uparanete
1182 3759 1309 3823 πλούτου
1331 3758 1380 3822 aa}

297 3867 481 3948 βιοθνσσόρον
503 3869 603 3948 χθονος
623 3867 630 3955 Ι
648 3871 753 3950 ἀνδρῶν
776 3870 889 3936 denelae
912 3872 1049 3948 κοὲγοιθῶν
1072 3871 1193 3948 ὁμιλίαι.

344 3983 417 4044 641.
441 3981 697 4066 interpretantur:
723 3985 865 4066 itaque
889 3983 1098 4047 iucundus
1121 4005 1266 4067 semper
1286 4006 1380 4061 eram

298 4095 412 4158 novis
443 4094 531 4177 ipse
563 4097 693 4158 novus
726 4097 930 4172 existens,
964 4097 1091 4161 fortasse
1114 4109 1212 4172 recto,
1236 4097 1294 4160 etsi
1317 4096 1381 4159 fieri

297 4213 398 4293 potest
422 4215 458 4270 111
481 4216 570 4292 poeta
593 4208 684 4284 ἡδύς
707 4211 898 4294 usurpaverit
922 4232 1012 4273 sensu
1037 4209 1136 4273 activo
1159 4230 1214 4293 pro
1231 4209 1380 4285 ἡδόμενος,

297 4320 379 4404 quod
418 4320 489 4384 feeit
524 4321 689 4406 Sophocles
717 4321 793 4387 Oed.
818 4323 890 4407 Reg.
917 4325 975 4400 89,
999 4323 1053 4408 qui
1075 4323 1180 4386 Traoh.
1204 4324 1269 4419 869
1292 4322 1381 4397 detta
