3112 4914
295 397 357 462 122
711 420 962 464 commaneamus.

291 615 363 697 quia
399 615 503 679 nullus
535 625 580 681 est
612 590 738 680 voculae
769 617 962 680 conclusivae
994 615 1097 694 locus;
1129 616 1211 701 quod
1244 616 1374 678 sensisse

290 725 412 791 videtur
434 727 612 808 Kirchhoff‚
636 731 689 813 qui
714 729 845 792 coniecit
869 731 905 799 ὡς
929 729 1021 792 οὐκέτ’
1044 729 1135 792 ἄλλον
1158 729 1220 792 κτὲ.
1263 727 1373 791 Nauck
1437 775 1440 780 .

290 847 454 923 utrumque
479 860 614 915 versum,
636 841 688 904 sed
706 843 825 904 inverso
846 841 968 916 ordine,
985 834 1181 904 inserendum
1199 849 1287 923 putat
1299 851 1373 923 post

290 972 333 1013 vs.
360 955 434 1016 344.
470 955 513 1016 At
537 955 580 1017 sic
605 977 646 1020 vs.
670 958 732 1020 357
759 978 776 1018 5
799 977 841 1019 vs
866 959 949 1032 358,
975 957 1029 1038 qui
1050 955 1206 1038 aptissime
1223 954 1372 1037 sequitur,

290 1067 368 1130 male
392 1068 557 1144 divellitur,
580 1092 678 1152 neque
694 1069 770 1133 aliae
792 1071 962 1134 occurritur
978 1069 1167 1143 difficultati,
1186 1090 1277 1150 quam
1291 1066 1372 1130 criti-

290 1200 340 1242 cos
364 1179 477 1263 fugisse
501 1183 603 1245 miror.
636 1181 755 1266 Nempe
779 1182 974 1246 manifestum
1000 1181 1131 1246 arbitror
1154 1181 1287 1245 Orciisae
1310 1202 1372 1243 uon
1427 1165 1429 1168 ‚

289 1290 360 1354 Ioni
382 1293 477 1357 tribui
501 1305 640 1378 oportere
664 1319 706 1360 vs.
733 1299 794 1361 755
819 1297 915 1361 aarum
934 1320 973 1360 νιν
996 1298 1009 1360 l
1033 1296 1111 1368 θεός·
1139 1300 1155 1371 ἡ
1175 1302 1301 1360 τεκοῦσαι
1317 1295 1374 1359 δ’ἀ-

289 1405 373 1486 dulc,
398 1408 541 1489 quoniam
566 1409 650 1491 pium
667 1409 715 1472 dei
733 1410 907 1472 ministrum
925 1409 1031 1492 procul
1048 1408 1144 1472 dubio
1161 1407 1287 1471 dedecet
1303 1407 1373 1470 talis

289 1520 408 1601 patroni
439 1521 485 1583 sui
517 1523 670 1594 accusatio
702 1544 832 1586 coram
865 1523 1017 1586 femina
1042 1523 1196 1605 ignota,
1234 1521 1303 1583 Alia
1326 1543 1372 1583 res

289 1637 336 1694 est
360 1654 400 1696 vs.
424 1635 487 1698 43⁷
507 1656 588 1717 sqq„
613 1633 666 1698 ubi
691 1635 774 1698 solus
790 1636 928 1718 loquitur
945 1635 1088 1698 audiente
1105 1633 1233 1697 nemine.
1259 1632 1372 1696 Contra

289 1744 391 1820 Ionis,
420 1768 483 1810 non
506 1746 652 1826 Creusae,
678 1747 769 1812 verba
792 1748 947 1812 continere
971 1747 1092 1810 videtur
1116 1769 1159 1810 vs.
1185 1748 1249 1808 356
1274 1744 1372 1810 οὔκουν

289 1856 330 1921 ἔτ’
353 1856 445 1923 ἄλλον
469 1857 583 1940 ὕστερον
606 1860 698 1925 τίκτει
722 1861 822 1942 ydem
849 1860 939 1923 modo
965 1861 1062 1922 afine
1079 1858 1232 1922 addideris
1249 1857 1371 1940 signum

289 1971 504 2057 interrogandi.
529 1974 614 2038 Haec
637 1968 733 2058 igilur
757 1976 781 2038 si
805 1973 882 2038 bene
899 1975 1055 2057 perspexi,
1074 1964 1242 2036 necessario
1260 1971 1373 2054 duplex

289 2084 451 2149 statuenda
481 2096 527 2150 est
557 2086 682 2165 lacuna,
715 2095 751 2151 ut
773 2110 870 2152 unum
896 2109 1016 2150 versum
1041 2086 1126 2149 Iouis
1149 2086 1230 2149 inter
1254 2089 1318 2147 354
1343 2091 1373 2147 et

289 2200 371 2273 355,
390 2219 484 2262 511515
505 2198 637 2263 Creticae
653 2200 733 2264 inter
751 2203 814 2263 356
829 2210 857 2263 et
872 2202 935 2264 357
950 2199 1141 2264 intercidisse
1154 2198 1371 2261 existimemus.

335 2314 408 2373 358.
435 2310 554 2375 Admisi
571 2311 756 2396 probabilem
774 2311 909 2376 Nauckii
926 2311 1211 2396 transpositionem,
1234 2310 1265 2373 in
1282 2332 1372 2392 quam

289 2432 317 2484 et
343 2423 406 2506 ipse
430 2424 604 2488 incideram.
640 2424 720 2489 Nam
745 2426 893 2489 librorum
917 2426 1047 2488 lectione
1072 2431 1176 2488 contra
1194 2423 1372 2486 sententiam

288 2535 371 2611 μόνος
403 2559 473 2600 5515
503 2538 571 2613 δρᾶν
594 2539 720 2621 iungere
744 2541 892 2623 cogimur.
933 2539 1074 2603 Formam
1098 2540 1247 2623 poeticam
1272 2543 1373 2615 μοῦνος

292 2653 491 2732 posteaquam
508 2649 625 2734 vulgari
642 2653 796 2727 cessisset,
813 2650 935 2714 labente
951 2659 1047 2714 metro
1060 2674 1077 2715 a
1090 2649 1375 2733 magistellistrans·

289 2765 418 2848 positam
443 2788 508 2829 esse
531 2767 608 2830 nihil
634 2767 784 2850 estquod
809 2769 963 2830 miremur.
987 2765 1080 2829 Verte
1105 2787 1173 2828 cum
1196 2764 1373 2828 Hermanno

200 2884 202 2887 ’
271 2889 493 2942 *commune
524 2877 683 2942 amborum
711 2889 923 2962 parentum
954 2877 1125 2961 gaudium
1158 2877 1261 2939 solus
1285 2898 1374 2959 gau-

289 2991 385 3054 dens
408 2992 567 3055 iniuste
591 2992 701 3055 facit.
737 2992 783 3055 De
808 2992 865 3055 hoc
884 2991 1068 3054 Accusatiro
1085 2973 1165 3073 apud
1183 2987 1272 3052 verba
1288 3010 1372 3071 gau·

288 3104 409 3168 dendi
442 3105 509 3168 vide
543 3103 776 3169 Valckenarium
809 3105 845 3167 ad
882 3103 972 3188 Hipp.
1005 3105 1089 3166 1339
1124 3110 1154 3166 51
1181 3101 1368 3164 Lobeokium

287 3216 325 3279 ad
351 3217 431 3280 Aiac.
461 3218 532 3280 136.
1026 3296 1029 3303 Ι

334 3335 406 3396 359.
430 3330 541 3408 cluet.
576 3330 667 3410 Quod
693 3330 847 3395 interdum
873 3328 944 3392 libri
968 3330 1081 3393 habent
1104 3330 1172 3406 ὤμοι
1199 3336 1233 3391 ut
1258 3327 1369 3391 Home-

287 3447 384 3509 ricum
405 3444 527 3528 tragicis
547 3443 785 3535 abiudicandum
809 3451 912 3506 censet
928 3442 1062 3526 Ellmsley
1080 3442 1117 3505 ad
1137 3443 1219 3505 Aiac.
1238 3444 1313 3504 999.
1328 3477 1371 3489 -

288 3559 526 3638 προσῳῦόςε
545 3558 678 3638 συνῳδός,
704 3533 930 3640 congruus,
955 3557 1202 3629 concinnus,
1228 3562 1263 3617 ut
1287 3576 1373 3632 προσ-

287 3673 363 3756 ᾴδειν
386 3673 541 3737 interdum
566 3673 691 3755 ponitur
714 3694 767 3756 pro
790 3671 928 3754 συνᾴδειν.

334 3791 407 3850 361.
440 3786 525 3851 Libri
548 3786 598 3850 551
623 3788 664 3861 μή
688 3789 730 3862 γ’.
766 3784 915 3848 Voculam
943 3786 994 3849 nal
1017 3784 1055 3848 ab
1080 3785 1222 3848 oscitanti
1247 3781 1370 3847 librario
1429 3844 1441 3849 -

288 3925 304 3965 5
335 3924 375 3966 vs.
408 3900 598 3985 praecedenti
630 3898 709 3962 male
738 3898 897 3982 repetitam
928 3919 993 3960 esse
1017 3899 1132 3981 primus
1157 3897 1371 3961 animadvertit

287 4013 492 4088 Boissouade,
511 4011 709 4097 probabiliter
721 4033 869 4095 reponens
882 4013 924 4086 μή
937 4012 979 4087 μή
991 4009 1033 4088 γ’.
1060 4010 1145 4075 Idem
1161 4032 1258 4092 nuper
1274 4012 1370 4073 suasit

289 4129 386 4191 Cobet
417 4129 492 4194 Vur.
516 4129 597 4190 Lect.
622 4125 670 4188 ed.
694 4125 745 4189 alt.
763 4126 798 4208 1).
827 4125 986 4188 Interdum
1013 4124 1059 4188 vel
1083 4123 1196 4207 triplex
1220 4124 1373 4206 5111555-

324 4377 346 4445 1)
370 4374 440 4425 Haec
461 4375 536 4425 verbu
552 4374 687 4444 corrigenti
704 4373 890 4425 afferturmihi
906 4372 1060 4422 novissimus
1077 4382 1239 4422 wacxrrrrru
1256 4369 1371 4430 libellus,
