3112 4914
238 371 303 435 252
656 389 909 435 oonnnnrnnros.

237 581 327 665 longe
351 583 481 667 praefert
504 551 555 646 eas
575 581 762 666 tragoedias,
783 583 816 645 in
836 579 950 666 quibos
970 581 1174 648 infortunium
1197 590 1327 669 propter

237 695 361 779 aliquod
393 719 454 761 non
487 696 578 760 nimis
608 719 700 781 grave
732 705 890 781 peccatum
917 696 1054 781 homines
1079 695 1177 761 bonos
1200 697 1328 781 quidem

236 809 288 873 sed
315 810 380 873 vitii
404 833 467 874 non
490 819 648 894 expertes,
673 809 857 894 eosdemque
881 809 985 894 magni
1002 809 1140 874 nominis
1165 819 1196 874 et
1217 833 1330 875 secun-

235 923 282 986 dis
305 924 447 987 florentes
470 922 561 988 rebus
586 923 729 1008 corripit,
753 945 825 1008 prae
849 923 906 1000 iis,
932 922 986 987 nbi
1011 923 1112 988 miseri
1137 924 1238 989 felices
1258 947 1330 989 eva-

235 1037 323 1103 dunt.
345 1034 477 1101 Felicem
494 1036 609 1101 exitum
627 1036 741 1101 habent
758 1044 876 1122 praeter
889 1037 996 1102 Ionem
1011 1037 1068 1102 hae
1080 1039 1176 1102 nostri
1188 1038 1327 1104 fabulae:

235 1152 386 1226 Alcestis,
420 1150 559 1230 Orestes,
591 1151 730 1232 Helena,
763 1152 926 1236 Iphigenia
952 1153 983 1216 in
1008 1152 1135 1229 Tauris,
1162 1154 1327 1240 pleraeque

234 1274 334 1330 antem
359 1266 398 1337 εἰς
422 1265 585 1347 δυστυχίαν
608 1272 797 1342 τελευτῶσιν,
823 1267 911 1331 ouius
934 1267 978 1331 rei
1003 1267 1223 1352 vituperatores
1241 1268 1327 1332 Aris·

233 1380 342 1444 toteles
366 1379 478 1445 refellit
501 1379 570 1444 loco
593 1379 728 1446 laudato.

280 1496 375 1558 1622.
405 1491 534 1575 ὥσπερ·
561 1495 768 1580 sethtiaco,
801 1495 926 1581 qualis
951 1504 1006 1560 est
1031 1518 1156 1563 eornm
1181 1505 1327 1567 natura.

207 1604 312 1672 ¹Nam
347 1608 414 1692 ipsa
444 1630 549 1672 eorum
583 1608 701 1672 indoles
730 1609 876 1694 impedit,
903 1610 1069 1695 quominus
1093 1633 1238 1696 nmquam
1262 1614 1326 1678 sint

233 1736 302 1786 vere
334 1722 446 1788 felices.
482 1722 564 1787 Male
588 1723 737 1809 interpres
761 1722 909 1788 Latinus:
938 1733 974 1789 nt
997 1724 1112 1809 digni
1136 1734 1232 1792 sunt.
1274 1727 1324 1792 Ad

233 1837 414 1901 sententiam
448 1837 485 1901 cl.
518 1836 608 1902 Herc.
632 1837 703 1902 Fur.
728 1839 800 1903 726.
825 1836 969 1902 Ceterum
993 1836 1077 1902 subit
1101 1839 1220 1917 mirari,
1246 1840 1322 1924 quid

232 1950 370 2015 faciendo
395 1950 527 2028 Oreiisa,
553 1973 644 2035 qnam
668 1950 754 2016 chori
778 1950 868 2015 verba
888 1953 1004 2038 (1621)
1025 1975 1086 2016 non
1108 1952 1208 2016 minus
1228 1975 1322 2038 qnam

233 2065 338 2130 Ionem
359 2067 545 2151 respiciunt,
564 2088 740 2151 generosam
762 2066 897 2131 indolem
918 2064 1099 2151 probaverit.
1123 2066 1321 2133 Intentatane

233 2179 297 2246 hlio
321 2156 447 2257 mariti,
470 2202 560 2264 quem
585 2202 675 2245 snum
699 2202 764 2244 esse
787 2180 965 2266 ignorabat,
992 2179 1088 2244 nece?
1114 2179 1192 2246 Pace
1211 2191 1329 2267 poetae·
1390 2189 1406 2254 j

234 2293 409 2378 philosophi
441 2293 568 2358 dixerim
600 2295 766 2379 permirum
795 2316 864 2359 eum
893 2316 958 2358 esse
983 2293 1160 2378 magistrum
1186 2317 1322 2374 morum,

231 2409 282 2471 cni
324 2407 474 2486 feminae,
514 2408 635 2493 qualem
660 2409 799 2473 ‘induxit
837 2408 983 2473 Oretisam
996 2455 1006 2485 ‚
1046 2407 1224 2493 probentur.
1272 2409 1341 2475 Of..

192 2594 195 2600 ⁴
231 2521 420 2587 Pnrnrsrro.
