<?xml version="1.0" encoding="UTF-8"?>
<!DOCTYPE html PUBLIC "-//W3C//DTD XHTML 1.0 Transitional//EN"
    "http://www.w3.org/TR/xhtml1/DTD/xhtml1-transitional.dtd">
<html xmlns="http://www.w3.org/1999/xhtml" xml:lang="en" lang="en">
 <head>
  <title>
</title>
<meta http-equiv="Content-Type" content="text/html;charset=utf-8" />
  <meta name='ocr-system' content='tesseract 3.04.00' />
  <meta name='ocr-capabilities' content='ocr_page ocr_carea ocr_par ocr_line ocrx_word'/>
</head>
<body>
  <div class='ocr_page' id='page_1' title='image "./in00herwgoog_0171.png"; bbox 0 0 3112 4914; ppageno 0'>
   <div class='ocr_carea' id='block_1_1' title="bbox 290 391 958 455">
    <p class='ocr_par' dir='ltr' id='par_1_1' title="bbox 290 391 958 455">
     <span class='ocr_line' id='line_1_1' title="bbox 290 391 958 455; baseline -0.016 0"><span class='ocrx_word' id='word_1_1' title='bbox 290 391 354 455; x_wconf 88' lang='lat'><strong>150</strong></span> <span class='ocrx_word' id='word_1_2' title='bbox 705 400 958 446; x_wconf 71' lang='lat' dir='ltr'><strong>commarcarum.</strong></span> 
     </span>
    </p>
   </div>
   <div class='ocr_carea' id='block_1_2' title="bbox 290 589 1381 3062">
    <p class='ocr_par' dir='ltr' id='par_1_2' title="bbox 290 589 1372 1138">
     <span class='ocr_line' id='line_1_2' title="bbox 290 589 1370 683; baseline -0.014 -16"><span class='ocrx_word' id='word_1_3' title='bbox 290 606 404 677; x_wconf 89' lang='lat' dir='ltr'><strong>tivum,</strong></span> <span class='ocrx_word' id='word_1_4' title='bbox 429 612 462 664; x_wconf 90' lang='lat' dir='ltr'><strong>ut</strong></span> <span class='ocrx_word' id='word_1_5' title='bbox 487 601 578 683; x_wconf 82' lang='lat' dir='ltr'><strong>vulgo</strong></span> <span class='ocrx_word' id='word_1_6' title='bbox 602 600 851 680; x_wconf 75' lang='lat' dir='ltr'><strong>interpretantur,</strong></span> <span class='ocrx_word' id='word_1_7' title='bbox 877 616 975 677; x_wconf 90' lang='lat' dir='ltr'><strong>neque</strong></span> <span class='ocrx_word' id='word_1_8' title='bbox 1000 593 1086 656; x_wconf 89' lang='lat' dir='ltr'><strong>aliter</strong></span> <span class='ocrx_word' id='word_1_9' title='bbox 1109 592 1223 675; x_wconf 90' lang='lat' dir='ltr'><strong>accipio</strong></span> <span class='ocrx_word' id='word_1_10' title='bbox 1240 589 1370 652; x_wconf 88' lang='lat' dir='ltr'><strong>Luciani</strong></span> 
     </span>
     <span class='ocr_line' id='line_1_3' title="bbox 291 702 1372 796; baseline -0.015 -16"><span class='ocrx_word' id='word_1_11' title='bbox 291 719 392 780; x_wconf 90' lang='lat' dir='ltr'><strong>locum</strong></span> <span class='ocrx_word' id='word_1_12' title='bbox 405 711 622 796; x_wconf 86' lang='lat' dir='ltr'><strong>tragoedopod.</strong></span> <span class='ocrx_word' id='word_1_13' title='bbox 636 714 711 773; x_wconf 82' lang='lat'><strong>215.</strong></span> <span class='ocrx_word' id='word_1_14' title='bbox 731 708 963 772; x_wconf 82' lang='lat' dir='ltr'><strong>Substantivum</strong></span> <span class='ocrx_word' id='word_1_15' title='bbox 978 707 1138 768; x_wconf 83' lang='lat' dir='ltr'><strong>formatum</strong></span> <span class='ocrx_word' id='word_1_16' title='bbox 1157 714 1191 766; x_wconf 90' lang='lat' dir='ltr'><strong>ut</strong></span> <span class='ocrx_word' id='word_1_17' title='bbox 1207 702 1372 779; x_wconf 71' lang='grc' dir='ltr'><strong>ἔμβολον.</strong></span> 
     </span>
     <span class='ocr_line' id='line_1_4' title="bbox 337 818 1150 907; baseline -0.014 -17"><span class='ocrx_word' id='word_1_18' title='bbox 337 831 409 891; x_wconf 81' lang='lat' dir='ltr'><strong>aas.</strong></span> <span class='ocrx_word' id='word_1_19' title='bbox 441 827 554 895; x_wconf 66' lang='grc' dir='ltr'><em>εἰκός.</em></span> <span class='ocrx_word' id='word_1_20' title='bbox 587 824 681 907; x_wconf 81' lang='lat' dir='ltr'><strong>soph.</strong></span> <span class='ocrx_word' id='word_1_21' title='bbox 706 823 742 885; x_wconf 73' lang='lat' dir='ltr'><strong>fr.</strong></span> <span class='ocrx_word' id='word_1_22' title='bbox 769 825 832 883; x_wconf 81' lang='lat' dir='ltr'><strong>aaa</strong></span> <span class='ocrx_word' id='word_1_23' title='bbox 857 818 956 901; x_wconf 76' lang='lat' dir='ltr'><strong>(stoa.</strong></span> <span class='ocrx_word' id='word_1_24' title='bbox 983 824 1035 895; x_wconf 84' lang='lat' dir='ltr'><strong>aa,</strong></span> <span class='ocrx_word' id='word_1_25' title='bbox 1065 821 1150 902; x_wconf 68' lang='lat' dir='ltr'><strong>ma</strong></span> 
     </span>
     <span class='ocr_line' id='line_1_5' title="bbox 467 931 1180 1012; baseline -0.01 -10"><span class='ocrx_word' id='word_1_26' title='bbox 467 941 503 1009; x_wconf 80' lang='grc' dir='ltr'><strong>ὡς</strong></span> <span class='ocrx_word' id='word_1_27' title='bbox 527 937 603 1002; x_wconf 84' lang='grc' dir='ltr'><em>οὐδέν</em></span> <span class='ocrx_word' id='word_1_28' title='bbox 626 938 713 1012; x_wconf 80' lang='grc' dir='ltr'><em>ἐσμεν</em></span> <span class='ocrx_word' id='word_1_29' title='bbox 738 937 814 1009; x_wconf 78' lang='grc' dir='ltr'><strong>πλὴν</strong></span> <span class='ocrx_word' id='word_1_30' title='bbox 837 941 972 1005; x_wconf 78' lang='grc' dir='ltr'><em>σκιαῖς</em></span> <span class='ocrx_word' id='word_1_31' title='bbox 997 931 1180 1002; x_wconf 76' lang='grc' dir='ltr'><em>ἐοικότες.</em></span> 
     </span>
     <span class='ocr_line' id='line_1_6' title="bbox 291 1047 901 1138; baseline -0.01 -21"><span class='ocrx_word' id='word_1_32' title='bbox 291 1063 397 1138; x_wconf 83' lang='lat' dir='ltr'><strong>poetae</strong></span> <span class='ocrx_word' id='word_1_33' title='bbox 421 1052 512 1115; x_wconf 81' lang='lat' dir='ltr'><strong>redde</strong></span> <span class='ocrx_word' id='word_1_34' title='bbox 535 1058 714 1115; x_wconf 76' lang='grc' dir='ltr'><em>σκίαῖπιν</em></span> <span class='ocrx_word' id='word_1_35' title='bbox 738 1047 901 1118; x_wconf 80' lang='grc' dir='ltr'><em>είαίπες.</em></span> 
     </span>
    </p>

    <p class='ocr_par' dir='ltr' id='par_1_3' title="bbox 291 1155 1376 1478">
     <span class='ocr_line' id='line_1_7' title="bbox 337 1155 1376 1243; baseline -0.008 -15"><span class='ocrx_word' id='word_1_36' title='bbox 337 1167 409 1230; x_wconf 85' lang='grc'>557,</span> <span class='ocrx_word' id='word_1_37' title='bbox 433 1164 482 1228; x_wconf 83' lang='grc' dir='ltr'><strong>καί</strong></span> <span class='ocrx_word' id='word_1_38' title='bbox 506 1165 537 1228; x_wconf 88' lang='grc' dir='ltr'><strong>πί</strong></span> <span class='ocrx_word' id='word_1_39' title='bbox 558 1164 742 1239; x_wconf 71' lang='grc' dir='ltr'><em>βουλρίριεσί</em></span> <span class='ocrx_word' id='word_1_40' title='bbox 763 1160 798 1225; x_wconf 72' lang='lat' dir='ltr'><strong>dcv</strong></span> <span class='ocrx_word' id='word_1_41' title='bbox 820 1161 937 1224; x_wconf 88' lang='lat' dir='ltr'><strong>mavult</strong></span> <span class='ocrx_word' id='word_1_42' title='bbox 957 1160 1110 1243; x_wconf 83' lang='lat' dir='ltr'><strong>Hartung.</strong></span> <span class='ocrx_word' id='word_1_43' title='bbox 1123 1164 1240 1223; x_wconf 78' lang='grc' dir='ltr'><strong>-νύα</strong></span> <span class='ocrx_word' id='word_1_44' title='bbox 1256 1155 1376 1240; x_wconf 63' lang='lat' dir='ltr'><strong>tract</strong></span> 
     </span>
     <span class='ocr_line' id='line_1_8' title="bbox 291 1270 1375 1360; baseline -0.009 -17"><span class='ocrx_word' id='word_1_45' title='bbox 291 1281 359 1360; x_wconf 80' lang='grc' dir='ltr'><strong>χρὴ</strong></span> <span class='ocrx_word' id='word_1_46' title='bbox 382 1278 411 1342; x_wconf 85' lang='grc' dir='ltr'><strong>π’</strong></span> <span class='ocrx_word' id='word_1_47' title='bbox 434 1281 524 1356; x_wconf 79' lang='grc' dir='ltr'><em>ὐραν.</em></span> <span class='ocrx_word' id='word_1_48' title='bbox 559 1277 644 1340; x_wconf 84' lang='lat' dir='ltr'><strong>Idem</strong></span> <span class='ocrx_word' id='word_1_49' title='bbox 670 1274 898 1338; x_wconf 85' lang='lat' dir='ltr'><strong>hemistichium</strong></span> <span class='ocrx_word' id='word_1_50' title='bbox 922 1274 995 1358; x_wconf 90' lang='lat' dir='ltr'><strong>(nisi</strong></span> <span class='ocrx_word' id='word_1_51' title='bbox 1020 1272 1102 1358; x_wconf 90' lang='lat' dir='ltr'><strong>quod</strong></span> <span class='ocrx_word' id='word_1_52' title='bbox 1127 1271 1171 1336; x_wconf 93' lang='lat' dir='ltr'><strong>ibi</strong></span> <span class='ocrx_word' id='word_1_53' title='bbox 1195 1281 1241 1335; x_wconf 86' lang='lat' dir='ltr'><strong>est</strong></span> <span class='ocrx_word' id='word_1_54' title='bbox 1258 1270 1375 1355; x_wconf 67' lang='grc' dir='ltr'><strong>τῶνδ’),</strong></span> 
     </span>
     <span class='ocr_line' id='line_1_9' title="bbox 292 1374 639 1478; baseline -0.009 -21"><span class='ocrx_word' id='word_1_55' title='bbox 292 1374 406 1478; x_wconf 82' lang='lat' dir='ltr'><strong>legitur</strong></span> <span class='ocrx_word' id='word_1_56' title='bbox 430 1392 539 1455; x_wconf 89' lang='lat' dir='ltr'><strong>Bacch.</strong></span> <span class='ocrx_word' id='word_1_57' title='bbox 565 1393 639 1454; x_wconf 74' lang='lat'><strong>924.</strong></span> 
     </span>
    </p>

    <p class='ocr_par' dir='ltr' id='par_1_4' title="bbox 293 1497 1377 1697">
     <span class='ocr_line' id='line_1_10' title="bbox 340 1497 1377 1584; baseline -0.006 -17"><span class='ocrx_word' id='word_1_58' title='bbox 340 1508 412 1569; x_wconf 81' lang='lat'><strong>560.</strong></span> <span class='ocrx_word' id='word_1_59' title='bbox 437 1502 453 1584; x_wconf 82' lang='grc' dir='ltr'><em>ἡ</em></span> <span class='ocrx_word' id='word_1_60' title='bbox 477 1541 521 1552; x_wconf 94' lang='lat'><em>-</em></span> <span class='ocrx_word' id='word_1_61' title='bbox 544 1504 655 1577; x_wconf 66' lang='grc' dir='ltr'><em>δαῖτας</em></span> <span class='ocrx_word' id='word_1_62' title='bbox 680 1501 727 1566; x_wconf 82' lang='lat' dir='ltr'><strong>Of.</strong></span> <span class='ocrx_word' id='word_1_63' title='bbox 747 1497 804 1580; x_wconf 81' lang='grc' dir='ltr'><strong>ὐρα</strong></span> <span class='ocrx_word' id='word_1_64' title='bbox 825 1503 918 1578; x_wconf 82' lang='grc' dir='ltr'><em>δὴτα;</em></span> <span class='ocrx_word' id='word_1_65' title='bbox 935 1506 965 1565; x_wconf 88' lang='grc' dir='ltr'><strong>πί</strong></span> <span class='ocrx_word' id='word_1_66' title='bbox 981 1505 1073 1582; x_wconf 82' lang='grc' dir='ltr'><em>δὴτα;</em></span> <span class='ocrx_word' id='word_1_67' title='bbox 1097 1506 1156 1570; x_wconf 79' lang='grc' dir='ltr'><strong>πῶς</strong></span> <span class='ocrx_word' id='word_1_68' title='bbox 1177 1501 1270 1576; x_wconf 85' lang='grc' dir='ltr'><em>δὴπα;</em></span> <span class='ocrx_word' id='word_1_69' title='bbox 1291 1499 1377 1562; x_wconf 81' lang='grc' dir='ltr'><em>πότε-</em></span> 
     </span>
     <span class='ocr_line' id='line_1_11' title="bbox 293 1617 595 1697; baseline -0.007 -15"><span class='ocrx_word' id='word_1_70' title='bbox 293 1643 336 1697; x_wconf 79' lang='grc' dir='ltr'><strong>ρον</strong></span> <span class='ocrx_word' id='word_1_71' title='bbox 359 1619 450 1694; x_wconf 84' lang='grc' dir='ltr'><em>δὴτα;</em></span> <span class='ocrx_word' id='word_1_72' title='bbox 475 1617 595 1680; x_wconf 80' lang='lat' dir='ltr'><strong>similia.</strong></span> 
     </span>
    </p>

    <p class='ocr_par' dir='ltr' id='par_1_5' title="bbox 294 1728 1379 2267">
     <span class='ocr_line' id='line_1_12' title="bbox 341 1728 1376 1813; baseline -0.003 -19"><span class='ocrx_word' id='word_1_73' title='bbox 341 1735 414 1795; x_wconf 76' lang='lat'><strong>562.</strong></span> <span class='ocrx_word' id='word_1_74' title='bbox 444 1736 507 1794; x_wconf 81' lang='grc' dir='ltr'><strong>πύα</strong></span> <span class='ocrx_word' id='word_1_75' title='bbox 537 1730 676 1805; x_wconf 77' lang='grc' dir='ltr'><em>δίμαε,</em></span> <span class='ocrx_word' id='word_1_76' title='bbox 708 1729 727 1792; x_wconf 92' lang='lat' dir='ltr'><strong>i.</strong></span> <span class='ocrx_word' id='word_1_77' title='bbox 755 1751 780 1792; x_wconf 93' lang='lat' dir='ltr'><strong>e.</strong></span> <span class='ocrx_word' id='word_1_78' title='bbox 814 1729 865 1802; x_wconf 83' lang='grc' dir='ltr'><strong>πί,</strong></span> <span class='ocrx_word' id='word_1_79' title='bbox 900 1738 973 1792; x_wconf 88' lang='lat' dir='ltr'><strong>nota</strong></span> <span class='ocrx_word' id='word_1_80' title='bbox 996 1728 1182 1813; x_wconf 77' lang='lat' dir='ltr'><strong>periphrasi,</strong></span> <span class='ocrx_word' id='word_1_81' title='bbox 1211 1738 1244 1791; x_wconf 89' lang='lat' dir='ltr'><strong>ut</strong></span> <span class='ocrx_word' id='word_1_82' title='bbox 1269 1731 1376 1804; x_wconf 80' lang='grc' dir='ltr'><em>τούμὸν</em></span> 
     </span>
     <span class='ocr_line' id='line_1_13' title="bbox 295 1840 1378 1921; baseline -0.005 -12"><span class='ocrx_word' id='word_1_83' title='bbox 295 1847 386 1921; x_wconf 80' lang='grc' dir='ltr'><em>δέμας</em></span> <span class='ocrx_word' id='word_1_84' title='bbox 410 1843 493 1907; x_wconf 86' lang='lat' dir='ltr'><strong>Med.</strong></span> <span class='ocrx_word' id='word_1_85' title='bbox 519 1846 593 1918; x_wconf 80' lang='lat'><strong>388,</strong></span> <span class='ocrx_word' id='word_1_86' title='bbox 619 1840 701 1906; x_wconf 88' lang='lat' dir='ltr'><strong>alibi.</strong></span> <span class='ocrx_word' id='word_1_87' title='bbox 720 1841 819 1905; x_wconf 86' lang='lat' dir='ltr'><strong>Orest.</strong></span> <span class='ocrx_word' id='word_1_88' title='bbox 836 1844 898 1906; x_wconf 79' lang='lat'><strong>417</strong></span> <span class='ocrx_word' id='word_1_89' title='bbox 920 1841 1062 1919; x_wconf 71' lang='grc' dir='ltr'><em>ίυγαπρύς</em></span> <span class='ocrx_word' id='word_1_90' title='bbox 1079 1841 1190 1919; x_wconf 76' lang='grc' dir='ltr'><em>δέμας,</em></span> <span class='ocrx_word' id='word_1_91' title='bbox 1208 1842 1273 1907; x_wconf 86' lang='lat' dir='ltr'><strong>Alc.</strong></span> <span class='ocrx_word' id='word_1_92' title='bbox 1294 1844 1378 1906; x_wconf 83' lang='lat'>1136</span> 
     </span>
     <span class='ocr_line' id='line_1_14' title="bbox 294 1954 1379 2036; baseline -0.004 -14"><span class='ocrx_word' id='word_1_93' title='bbox 294 1959 429 2036; x_wconf 75' lang='grc' dir='ltr'><strong>γυναικὸς</strong></span> <span class='ocrx_word' id='word_1_94' title='bbox 460 1957 569 2031; x_wconf 77' lang='grc' dir='ltr'><em>δέμας,</em></span> <span class='ocrx_word' id='word_1_95' title='bbox 597 1954 710 2017; x_wconf 79' lang='lat' dir='ltr'><strong>Electr.</strong></span> <span class='ocrx_word' id='word_1_96' title='bbox 746 1957 826 2017; x_wconf 80' lang='lat'>1341</span> <span class='ocrx_word' id='word_1_97' title='bbox 860 1954 958 2030; x_wconf 81' lang='grc' dir='ltr'><em>δέμας“</em></span> <span class='ocrx_word' id='word_1_98' title='bbox 979 1954 1160 2033; x_wconf 76' lang='grc' dir='ltr'><em>Ἠλέκτρας,</em></span> <span class='ocrx_word' id='word_1_99' title='bbox 1185 1964 1255 2018; x_wconf 81' lang='lat' dir='ltr'><strong>cett.</strong></span> <span class='ocrx_word' id='word_1_100' title='bbox 1278 1954 1379 2018; x_wconf 84' lang='lat' dir='ltr'><strong>Simili</strong></span> 
     </span>
     <span class='ocr_line' id='line_1_15' title="bbox 296 2065 1379 2153; baseline -0.005 -19"><span class='ocrx_word' id='word_1_101' title='bbox 296 2071 367 2134; x_wconf 89' lang='lat' dir='ltr'><strong>usui</strong></span> <span class='ocrx_word' id='word_1_102' title='bbox 390 2070 562 2132; x_wconf 84' lang='lat' dir='ltr'><strong>inserviunt</strong></span> <span class='ocrx_word' id='word_1_103' title='bbox 584 2074 686 2148; x_wconf 81' lang='grc' dir='ltr'><em>σῶμα,</em></span> <span class='ocrx_word' id='word_1_104' title='bbox 710 2065 803 2145; x_wconf 83' lang='grc' dir='ltr'><em>κρίρα,</em></span> <span class='ocrx_word' id='word_1_105' title='bbox 827 2068 932 2146; x_wconf 80' lang='grc' dir='ltr'><em>ψυχὴ,</em></span> <span class='ocrx_word' id='word_1_106' title='bbox 956 2066 1063 2144; x_wconf 79' lang='grc' dir='ltr'><em>ὄνομα,</em></span> <span class='ocrx_word' id='word_1_107' title='bbox 1087 2067 1189 2145; x_wconf 79' lang='grc' dir='ltr'><em>ίμρια,</em></span> <span class='ocrx_word' id='word_1_108' title='bbox 1211 2067 1270 2131; x_wconf 90' lang='lat' dir='ltr'><strong>alia</strong></span> <span class='ocrx_word' id='word_1_109' title='bbox 1295 2067 1379 2153; x_wconf 90' lang='lat' dir='ltr'><strong>apud</strong></span> 
     </span>
     <span class='ocr_line' id='line_1_16' title="bbox 297 2183 437 2267; baseline -0.014 -21"><span class='ocrx_word' id='word_1_110' title='bbox 297 2183 437 2267; x_wconf 87' lang='lat' dir='ltr'><strong>tragicos.</strong></span> 
     </span>
    </p>

    <p class='ocr_par' dir='ltr' id='par_1_6' title="bbox 301 2293 1381 2485">
     <span class='ocr_line' id='line_1_17' title="bbox 341 2293 1381 2378; baseline 0.002 -20"><span class='ocrx_word' id='word_1_111' title='bbox 341 2300 415 2359; x_wconf 78' lang='lat'><strong>564.</strong></span> <span class='ocrx_word' id='word_1_112' title='bbox 439 2295 596 2371; x_wconf 65' lang='grc' dir='ltr'><strong><em>μᾶλλον</em></strong></span> <span class='ocrx_word' id='word_1_113' title='bbox 619 2316 634 2356; x_wconf 84' lang='lat' dir='ltr'><strong>e</strong></span> <span class='ocrx_word' id='word_1_114' title='bbox 658 2294 832 2376; x_wconf 88' lang='lat' dir='ltr'><strong>corruptela</strong></span> <span class='ocrx_word' id='word_1_115' title='bbox 854 2294 968 2378; x_wconf 86' lang='lat' dir='ltr'><strong>legitur</strong></span> <span class='ocrx_word' id='word_1_116' title='bbox 992 2293 1113 2359; x_wconf 88' lang='lat' dir='ltr'><strong>Hecuh.</strong></span> <span class='ocrx_word' id='word_1_117' title='bbox 1141 2299 1215 2372; x_wconf 78' lang='lat'><strong>746,</strong></span> <span class='ocrx_word' id='word_1_118' title='bbox 1240 2295 1296 2360; x_wconf 91' lang='lat' dir='ltr'><strong>uhi</strong></span> <span class='ocrx_word' id='word_1_119' title='bbox 1312 2320 1381 2362; x_wconf 85' lang='lat' dir='ltr'><strong>sen·</strong></span> 
     </span>
     <span class='ocr_line' id='line_1_18' title="bbox 301 2405 825 2485; baseline -0.004 -12"><span class='ocrx_word' id='word_1_120' title='bbox 301 2410 396 2474; x_wconf 86' lang='lat' dir='ltr'><strong>tentia</strong></span> <span class='ocrx_word' id='word_1_121' title='bbox 419 2407 525 2485; x_wconf 75' lang='grc' dir='ltr'><em>ὐγαν</em></span> <span class='ocrx_word' id='word_1_122' title='bbox 547 2431 571 2469; x_wconf 92' lang='lat' dir='ltr'><strong>s.</strong></span> <span class='ocrx_word' id='word_1_123' title='bbox 595 2407 684 2470; x_wconf 76' lang='grc' dir='ltr'><em>λίαν</em></span> <span class='ocrx_word' id='word_1_124' title='bbox 708 2405 825 2471; x_wconf 80' lang='lat' dir='ltr'><strong>suadet.</strong></span> 
     </span>
    </p>

    <p class='ocr_par' dir='ltr' id='par_1_7' title="bbox 295 2518 1381 3062">
     <span class='ocr_line' id='line_1_19' title="bbox 341 2518 1380 2608; baseline 0.004 -24"><span class='ocrx_word' id='word_1_125' title='bbox 341 2527 415 2588; x_wconf 81' lang='lat'><strong>565.</strong></span> <span class='ocrx_word' id='word_1_126' title='bbox 451 2525 567 2599; x_wconf 80' lang='grc' dir='ltr'><em>ἡμεῖς</em></span> <span class='ocrx_word' id='word_1_127' title='bbox 602 2518 625 2583; x_wconf 90' lang='grc' dir='ltr'><strong>δ’</strong></span> <span class='ocrx_word' id='word_1_128' title='bbox 656 2521 764 2584; x_wconf 69' lang='grc' dir='ltr'><em>οὐδὲν</em></span> <span class='ocrx_word' id='word_1_129' title='bbox 793 2519 836 2585; x_wconf 73' lang='grc' dir='ltr'><strong>ίαν</strong></span> <span class='ocrx_word' id='word_1_130' title='bbox 866 2521 1094 2598; x_wconf 74' lang='grc' dir='ltr'><em>δυναίμεθα.</em></span> <span class='ocrx_word' id='word_1_131' title='bbox 1139 2522 1240 2587; x_wconf 85' lang='lat' dir='ltr'><strong>Verba</strong></span> <span class='ocrx_word' id='word_1_132' title='bbox 1271 2547 1325 2608; x_wconf 87' lang='lat' dir='ltr'><strong>per</strong></span> <span class='ocrx_word' id='word_1_133' title='bbox 1348 2547 1380 2588; x_wconf 89' lang='lat' dir='ltr'><strong>se</strong></span> 
     </span>
     <span class='ocr_line' id='line_1_20' title="bbox 296 2628 1379 2722; baseline 0.001 -22"><span class='ocrx_word' id='word_1_134' title='bbox 296 2644 431 2722; x_wconf 88' lang='lat' dir='ltr'><strong>spectata</strong></span> <span class='ocrx_word' id='word_1_135' title='bbox 467 2635 638 2720; x_wconf 86' lang='lat' dir='ltr'><strong>significant</strong></span> <span class='ocrx_word' id='word_1_136' title='bbox 673 2628 744 2698; x_wconf 86' lang='lat' dir='ltr'><strong>nos</strong></span> <span class='ocrx_word' id='word_1_137' title='bbox 778 2656 870 2699; x_wconf 88' lang='lat' dir='ltr'><strong>vero</strong></span> <span class='ocrx_word' id='word_1_138' title='bbox 902 2634 1009 2698; x_wconf 90' lang='lat' dir='ltr'><strong>nihil</strong></span> <span class='ocrx_word' id='word_1_139' title='bbox 1046 2635 1296 2714; x_wconf 85' lang='lat' dir='ltr'><strong>valebimus,</strong></span> <span class='ocrx_word' id='word_1_140' title='bbox 1328 2638 1379 2702; x_wconf 88' lang='lat' dir='ltr'><strong>sed</strong></span> 
     </span>
     <span class='ocr_line' id='line_1_21' title="bbox 296 2749 1380 2835; baseline 0 -20"><span class='ocrx_word' id='word_1_141' title='bbox 296 2760 421 2835; x_wconf 88' lang='lat' dir='ltr'><strong>propter</strong></span> <span class='ocrx_word' id='word_1_142' title='bbox 463 2771 637 2834; x_wconf 82' lang='lat' dir='ltr'><strong>praegressa</strong></span> <span class='ocrx_word' id='word_1_143' title='bbox 680 2749 840 2812; x_wconf 85' lang='lat' dir='ltr'><strong>manifesto</strong></span> <span class='ocrx_word' id='word_1_144' title='bbox 880 2757 980 2813; x_wconf 88' lang='lat' dir='ltr'><strong>mente</strong></span> <span class='ocrx_word' id='word_1_145' title='bbox 1018 2749 1225 2835; x_wconf 91' lang='lat' dir='ltr'><strong>supplendum</strong></span> <span class='ocrx_word' id='word_1_146' title='bbox 1263 2753 1303 2815; x_wconf 82' lang='grc' dir='ltr'><strong>πὲ</strong></span> <span class='ocrx_word' id='word_1_147' title='bbox 1337 2790 1380 2800; x_wconf 95' lang='grc'><strong>-</strong></span> 
     </span>
     <span class='ocr_line' id='line_1_22' title="bbox 296 2863 1381 2949; baseline 0.001 -22"><span class='ocrx_word' id='word_1_148' title='bbox 296 2866 473 2940; x_wconf 74' lang='grc' dir='ltr'><em>εἰσιδεῖν,</em></span> <span class='ocrx_word' id='word_1_149' title='bbox 498 2864 602 2948; x_wconf 89' lang='lat' dir='ltr'><strong>itaque</strong></span> <span class='ocrx_word' id='word_1_150' title='bbox 624 2863 817 2926; x_wconf 86' lang='lat' dir='ltr'><strong>vertendum:</strong></span> <span class='ocrx_word' id='word_1_151' title='bbox 843 2884 910 2925; x_wconf 88' lang='lat' dir='ltr'><strong>nos</strong></span> <span class='ocrx_word' id='word_1_152' title='bbox 927 2884 1011 2926; x_wconf 88' lang='lat' dir='ltr'><strong>vero</strong></span> <span class='ocrx_word' id='word_1_153' title='bbox 1032 2885 1268 2948; x_wconf 82' lang='lat' dir='ltr'><strong>nequaquam</strong></span> <span class='ocrx_word' id='word_1_154' title='bbox 1283 2873 1381 2949; x_wconf 86' lang='lat' dir='ltr'><strong>pote·</strong></span> 
     </span>
     <span class='ocr_line' id='line_1_23' title="bbox 295 2976 1381 3062; baseline 0.004 -23"><span class='ocrx_word' id='word_1_155' title='bbox 295 2979 420 3041; x_wconf 91' lang='lat' dir='ltr'><strong>rimus</strong></span> <span class='ocrx_word' id='word_1_156' title='bbox 452 2981 504 3060; x_wconf 86' lang='lat' dir='ltr'><strong>(te</strong></span> <span class='ocrx_word' id='word_1_157' title='bbox 536 2977 697 3058; x_wconf 81' lang='lat' dir='ltr'><strong>videre).</strong></span> <span class='ocrx_word' id='word_1_158' title='bbox 739 2978 768 3038; x_wconf 88' lang='lat' dir='ltr'>A</span> <span class='ocrx_word' id='word_1_159' title='bbox 814 2976 894 3039; x_wconf 90' lang='lat' dir='ltr'><strong>enim</strong></span> <span class='ocrx_word' id='word_1_160' title='bbox 920 2976 1080 3040; x_wconf 87' lang='lat' dir='ltr'><strong>vehemens</strong></span> <span class='ocrx_word' id='word_1_161' title='bbox 1104 2977 1158 3040; x_wconf 93' lang='lat' dir='ltr'><strong>illa</strong></span> <span class='ocrx_word' id='word_1_162' title='bbox 1180 2979 1303 3062; x_wconf 84' lang='lat' dir='ltr'><strong>negatio</strong></span> <span class='ocrx_word' id='word_1_163' title='bbox 1327 2994 1381 3062; x_wconf 84' lang='lat' dir='ltr'><strong>&#39;pro</strong></span> 
     </span>
    </p>
   </div>
   <div class='ocr_carea' id='block_1_3' title="bbox 206 3089 1381 3187">
    <p class='ocr_par' dir='ltr' id='par_1_8' title="bbox 206 3089 1381 3187">
     <span class='ocr_line' id='line_1_24' title="bbox 206 3089 1381 3187; baseline 0.002 -35"><span class='ocrx_word' id='word_1_164' title='bbox 206 3180 209 3184; x_wconf 10' lang='grc' dir='ltr'><strong>Δ</strong></span> <span class='ocrx_word' id='word_1_165' title='bbox 233 3184 235 3187; x_wconf 22' lang='grc' dir='ltr'>Ι</span> <span class='ocrx_word' id='word_1_166' title='bbox 297 3090 496 3174; x_wconf 67' lang='lat' dir='ltr'><strong>simplicioria</strong></span> <span class='ocrx_word' id='word_1_167' title='bbox 516 3089 606 3152; x_wconf 89' lang='lat' dir='ltr'><strong>habet</strong></span> <span class='ocrx_word' id='word_1_168' title='bbox 630 3091 732 3152; x_wconf 90' lang='lat' dir='ltr'><strong>nescio</strong></span> <span class='ocrx_word' id='word_1_169' title='bbox 757 3089 831 3172; x_wconf 90' lang='lat' dir='ltr'><strong>quid</strong></span> <span class='ocrx_word' id='word_1_170' title='bbox 857 3090 972 3173; x_wconf 91' lang='lat' dir='ltr'><strong>inepti,</strong></span> <span class='ocrx_word' id='word_1_171' title='bbox 990 3097 1020 3153; x_wconf 86' lang='lat' dir='ltr'><strong>et</strong></span> <span class='ocrx_word' id='word_1_172' title='bbox 1036 3089 1170 3153; x_wconf 87' lang='lat' dir='ltr'><strong>additam</strong></span> <span class='ocrx_word' id='word_1_173' title='bbox 1188 3100 1381 3175; x_wconf 78' lang='lat' dir='ltr'><strong>expectamus</strong></span> 
     </span>
    </p>
   </div>
   <div class='ocr_carea' id='block_1_4' title="bbox 295 3201 1383 4426">
    <p class='ocr_par' dir='ltr' id='par_1_9' title="bbox 297 3201 1382 3740">
     <span class='ocr_line' id='line_1_25' title="bbox 298 3201 1381 3287; baseline 0.003 -21"><span class='ocrx_word' id='word_1_174' title='bbox 298 3204 435 3267; x_wconf 88' lang='lat' dir='ltr'><strong>voculam</strong></span> <span class='ocrx_word' id='word_1_175' title='bbox 460 3203 519 3279; x_wconf 67' lang='lat' dir='ltr'><strong>lm</strong></span> <span class='ocrx_word' id='word_1_176' title='bbox 545 3204 687 3287; x_wconf 81' lang='lat' dir='ltr'><strong>quocirca</strong></span> <span class='ocrx_word' id='word_1_177' title='bbox 710 3201 904 3265; x_wconf 90' lang='lat' dir='ltr'><strong>scribendum</strong></span> <span class='ocrx_word' id='word_1_178' title='bbox 930 3210 1004 3286; x_wconf 91' lang='lat' dir='ltr'><strong>puto</strong></span> <span class='ocrx_word' id='word_1_179' title='bbox 1028 3213 1100 3266; x_wconf 84' lang='lat' dir='ltr'><strong>aut:</strong></span> <span class='ocrx_word' id='word_1_180' title='bbox 1126 3206 1209 3280; x_wconf 80' lang='grc' dir='ltr'><em>ἡμεῖς</em></span> <span class='ocrx_word' id='word_1_181' title='bbox 1233 3203 1381 3270; x_wconf 78' lang='grc' dir='ltr'><em>δ’ρύαέτ’</em></span> 
     </span>
     <span class='ocr_line' id='line_1_26' title="bbox 297 3308 1382 3402; baseline 0.002 -22"><span class='ocrx_word' id='word_1_182' title='bbox 297 3317 332 3381; x_wconf 72' lang='lat' dir='ltr'><strong>ln</strong></span> <span class='ocrx_word' id='word_1_183' title='bbox 355 3308 530 3392; x_wconf 78' lang='grc' dir='ltr'><em>δυναίμεθα,</em></span> <span class='ocrx_word' id='word_1_184' title='bbox 557 3325 626 3391; x_wconf 91' lang='lat' dir='ltr'><strong>aut,</strong></span> <span class='ocrx_word' id='word_1_185' title='bbox 645 3316 726 3398; x_wconf 88' lang='lat' dir='ltr'><strong>quod</strong></span> <span class='ocrx_word' id='word_1_186' title='bbox 745 3315 902 3398; x_wconf 88' lang='lat' dir='ltr'><strong>aliquanto</strong></span> <span class='ocrx_word' id='word_1_187' title='bbox 921 3316 1142 3400; x_wconf 85' lang='lat' dir='ltr'><strong>significantius</strong></span> <span class='ocrx_word' id='word_1_188' title='bbox 1159 3317 1274 3380; x_wconf 83' lang='lat' dir='ltr'><strong>dictum</strong></span> <span class='ocrx_word' id='word_1_189' title='bbox 1293 3321 1382 3402; x_wconf 90' lang='lat' dir='ltr'><strong>posui</strong></span> 
     </span>
     <span class='ocr_line' id='line_1_27' title="bbox 297 3428 1381 3516; baseline 0.003 -23"><span class='ocrx_word' id='word_1_190' title='bbox 297 3432 328 3493; x_wconf 94' lang='lat' dir='ltr'><strong>in</strong></span> <span class='ocrx_word' id='word_1_191' title='bbox 353 3431 505 3512; x_wconf 85' lang='lat' dir='ltr'><strong>margine:</strong></span> <span class='ocrx_word' id='word_1_192' title='bbox 532 3433 614 3505; x_wconf 81' lang='grc' dir='ltr'><em>ἡμεῖς</em></span> <span class='ocrx_word' id='word_1_193' title='bbox 638 3429 662 3492; x_wconf 87' lang='grc' dir='ltr'><strong>δ’</strong></span> <span class='ocrx_word' id='word_1_194' title='bbox 682 3430 758 3492; x_wconf 81' lang='grc' dir='ltr'><em>οὐδὲν</em></span> <span class='ocrx_word' id='word_1_195' title='bbox 778 3429 814 3493; x_wconf 76' lang='grc' dir='ltr'><strong>ἡν</strong></span> <span class='ocrx_word' id='word_1_196' title='bbox 830 3428 879 3493; x_wconf 76' lang='grc' dir='ltr'><strong>ἔπ’</strong></span> <span class='ocrx_word' id='word_1_197' title='bbox 894 3432 1082 3507; x_wconf 80' lang='grc' dir='ltr'><em>ὐναίμεία.</em></span> <span class='ocrx_word' id='word_1_198' title='bbox 1108 3430 1248 3494; x_wconf 79' lang='lat' dir='ltr'><strong>Fortasse</strong></span> <span class='ocrx_word' id='word_1_199' title='bbox 1265 3433 1381 3516; x_wconf 89' lang='lat' dir='ltr'><strong>aliquid</strong></span> 
     </span>
     <span class='ocr_line' id='line_1_28' title="bbox 297 3537 1382 3628; baseline 0.004 -22"><span class='ocrx_word' id='word_1_200' title='bbox 297 3537 518 3606; x_wconf 87' lang='lat' dir='ltr'><strong>huiuscemodi</strong></span> <span class='ocrx_word' id='word_1_201' title='bbox 533 3543 628 3605; x_wconf 92' lang='lat' dir='ltr'><strong>voluit</strong></span> <span class='ocrx_word' id='word_1_202' title='bbox 652 3544 677 3605; x_wconf 90' lang='lat' dir='ltr'><strong>is</strong></span> <span class='ocrx_word' id='word_1_203' title='bbox 702 3543 754 3624; x_wconf 88' lang='lat' dir='ltr'><strong>qui</strong></span> <span class='ocrx_word' id='word_1_204' title='bbox 780 3543 811 3606; x_wconf 91' lang='lat' dir='ltr'><strong>in</strong></span> <span class='ocrx_word' id='word_1_205' title='bbox 836 3543 948 3607; x_wconf 88' lang='lat' dir='ltr'><strong>codicis</strong></span> <span class='ocrx_word' id='word_1_206' title='bbox 974 3545 1306 3628; x_wconf 84' lang='lat' dir='ltr'><strong>Heinsio-Scaligerani</strong></span> <span class='ocrx_word' id='word_1_207' title='bbox 1330 3569 1382 3611; x_wconf 84' lang='lat' dir='ltr'><strong>ora</strong></span> 
     </span>
     <span class='ocr_line' id='line_1_29' title="bbox 297 3653 1103 3740; baseline 0.002 -20"><span class='ocrx_word' id='word_1_208' title='bbox 297 3657 401 3740; x_wconf 89' lang='lat' dir='ltr'><strong>posuit</strong></span> <span class='ocrx_word' id='word_1_209' title='bbox 424 3657 500 3720; x_wconf 80' lang='grc' dir='ltr'><em>οὐδὲν</em></span> <span class='ocrx_word' id='word_1_210' title='bbox 524 3653 576 3719; x_wconf 79' lang='grc' dir='ltr'><strong>ὧδ’</strong></span> <span class='ocrx_word' id='word_1_211' title='bbox 604 3658 818 3731; x_wconf 53' lang='lat' dir='ltr'><strong>scalptae,</strong></span> <span class='ocrx_word' id='word_1_212' title='bbox 844 3665 922 3721; x_wconf 90' lang='lat' dir='ltr'><strong>teste</strong></span> <span class='ocrx_word' id='word_1_213' title='bbox 948 3658 1103 3723; x_wconf 89' lang='lat' dir='ltr'><strong>Barnesi0.</strong></span> 
     </span>
    </p>

    <p class='ocr_par' dir='ltr' id='par_1_10' title="bbox 295 3770 1383 4426">
     <span class='ocr_line' id='line_1_30' title="bbox 343 3770 1381 3859; baseline 0.002 -24"><span class='ocrx_word' id='word_1_214' title='bbox 343 3774 415 3835; x_wconf 88' lang='lat'>566.</span> <span class='ocrx_word' id='word_1_215' title='bbox 441 3774 538 3845; x_wconf 77' lang='grc' dir='ltr'><em>ἡμῖν.</em></span> <span class='ocrx_word' id='word_1_216' title='bbox 565 3770 672 3834; x_wconf 89' lang='lat' dir='ltr'><strong>Procul</strong></span> <span class='ocrx_word' id='word_1_217' title='bbox 698 3770 793 3834; x_wconf 90' lang='lat' dir='ltr'><strong>dubio</strong></span> <span class='ocrx_word' id='word_1_218' title='bbox 818 3795 921 3841; x_wconf 83' lang='lat' dir='ltr'><strong>verum</strong></span> <span class='ocrx_word' id='word_1_219' title='bbox 946 3783 991 3836; x_wconf 87' lang='lat' dir='ltr'><strong>est</strong></span> <span class='ocrx_word' id='word_1_220' title='bbox 1015 3774 1123 3850; x_wconf 80' lang='grc' dir='ltr'><em>ὑμῖν,</em></span> <span class='ocrx_word' id='word_1_221' title='bbox 1145 3776 1226 3859; x_wconf 91' lang='lat' dir='ltr'><strong>quod</strong></span> <span class='ocrx_word' id='word_1_222' title='bbox 1244 3797 1311 3837; x_wconf 84' lang='lat' dir='ltr'><strong>sero</strong></span> <span class='ocrx_word' id='word_1_223' title='bbox 1328 3774 1381 3837; x_wconf 88' lang='lat' dir='ltr'><strong>sed</strong></span> 
     </span>
     <span class='ocr_line' id='line_1_31' title="bbox 296 3885 1382 3969; baseline 0.006 -23"><span class='ocrx_word' id='word_1_224' title='bbox 296 3893 402 3967; x_wconf 83' lang='lat' dir='ltr'><strong>gratus</strong></span> <span class='ocrx_word' id='word_1_225' title='bbox 426 3885 541 3967; x_wconf 87' lang='lat' dir='ltr'><strong>accipio</strong></span> <span class='ocrx_word' id='word_1_226' title='bbox 566 3908 582 3946; x_wconf 89' lang='lat' dir='ltr'><strong>a</strong></span> <span class='ocrx_word' id='word_1_227' title='bbox 607 3885 803 3968; x_wconf 87' lang='lat' dir='ltr'><strong>Weckleino‚</strong></span> <span class='ocrx_word' id='word_1_228' title='bbox 821 3886 905 3950; x_wconf 71' lang='lat' dir='ltr'><strong>siud.</strong></span> <span class='ocrx_word' id='word_1_229' title='bbox 922 3908 945 3950; x_wconf 78' lang='lat' dir='ltr'><strong>a.</strong></span> <span class='ocrx_word' id='word_1_230' title='bbox 961 3888 1036 3949; x_wconf 80' lang='lat' dir='ltr'><strong>Eur.</strong></span> <span class='ocrx_word' id='word_1_231' title='bbox 1054 3909 1082 3969; x_wconf 91' lang='lat' dir='ltr'><strong>p.</strong></span> <span class='ocrx_word' id='word_1_232' title='bbox 1099 3890 1174 3951; x_wconf 80' lang='grc'><strong>399.</strong></span> <span class='ocrx_word' id='word_1_233' title='bbox 1191 3924 1235 3935; x_wconf 98' lang='grc'><strong>-</strong></span> <span class='ocrx_word' id='word_1_234' title='bbox 1252 3890 1382 3967; x_wconf 87' lang='grc' dir='ltr'><em>εὐπρα-</em></span> 
     </span>
     <span class='ocr_line' id='line_1_32' title="bbox 295 3998 1381 4077; baseline 0.005 -16"><span class='ocrx_word' id='word_1_235' title='bbox 295 3999 381 4073; x_wconf 71' lang='grc' dir='ltr'><em>ξίαι.</em></span> <span class='ocrx_word' id='word_1_236' title='bbox 407 3998 454 4061; x_wconf 81' lang='lat' dir='ltr'><strong>Cf.</strong></span> <span class='ocrx_word' id='word_1_237' title='bbox 481 3998 610 4062; x_wconf 89' lang='lat' dir='ltr'><strong>Photius</strong></span> <span class='ocrx_word' id='word_1_238' title='bbox 633 3999 856 4077; x_wconf 72' lang='grc' dir='ltr'><em>εὐπραξίαν·</em></span> <span class='ocrx_word' id='word_1_239' title='bbox 882 4001 905 4063; x_wconf 82' lang='grc' dir='ltr'><strong>οῖ</strong></span> <span class='ocrx_word' id='word_1_240' title='bbox 927 3999 1084 4062; x_wconf 81' lang='grc' dir='ltr'><em>παλαιοί</em></span> <span class='ocrx_word' id='word_1_241' title='bbox 1101 4003 1250 4075; x_wconf 77' lang='grc' dir='ltr'><em>κωμικοί</em></span> <span class='ocrx_word' id='word_1_242' title='bbox 1272 4003 1381 4066; x_wconf 62' lang='lat' dir='ltr'><strong>hiulco&amp;</strong></span> 
     </span>
     <span class='ocr_line' id='line_1_33' title="bbox 297 4112 1383 4188; baseline 0 -10"><span class='ocrx_word' id='word_1_243' title='bbox 297 4123 335 4188; x_wconf 81' lang='grc' dir='ltr'><strong>Ξ;</strong></span> <span class='ocrx_word' id='word_1_244' title='bbox 361 4113 530 4185; x_wconf 72' lang='grc' dir='ltr'><em>Θουκυδίδης</em></span> <span class='ocrx_word' id='word_1_245' title='bbox 553 4113 581 4176; x_wconf 78' lang='grc' dir='ltr'><strong>δὲ</strong></span> <span class='ocrx_word' id='word_1_246' title='bbox 603 4115 650 4178; x_wconf 74' lang='grc' dir='ltr'><strong>δαί</strong></span> <span class='ocrx_word' id='word_1_247' title='bbox 669 4121 719 4177; x_wconf 82' lang='grc' dir='ltr'><strong>ποῦ</strong></span> <span class='ocrx_word' id='word_1_248' title='bbox 737 4124 770 4182; x_wconf 77' lang='grc' dir='ltr'><strong>Γ,</strong></span> <span class='ocrx_word' id='word_1_249' title='bbox 789 4135 857 4176; x_wconf 88' lang='lat' dir='ltr'><strong>cum</strong></span> <span class='ocrx_word' id='word_1_250' title='bbox 874 4112 990 4176; x_wconf 89' lang='lat' dir='ltr'><strong>Naberi</strong></span> <span class='ocrx_word' id='word_1_251' title='bbox 1007 4114 1223 4188; x_wconf 87' lang='lat' dir='ltr'><strong>annotatione,</strong></span> <span class='ocrx_word' id='word_1_252' title='bbox 1242 4115 1291 4176; x_wconf 93' lang='lat' dir='ltr'><strong>cui</strong></span> <span class='ocrx_word' id='word_1_253' title='bbox 1308 4116 1383 4178; x_wconf 90' lang='lat' dir='ltr'><strong>haec</strong></span> 
     </span>
     <span class='ocr_line' id='line_1_34' title="bbox 295 4224 1381 4310; baseline 0.005 -24"><span class='ocrx_word' id='word_1_254' title='bbox 295 4224 412 4288; x_wconf 91' lang='lat' dir='ltr'><strong>addam.</strong></span> <span class='ocrx_word' id='word_1_255' title='bbox 453 4225 490 4287; x_wconf 87' lang='lat' dir='ltr'><strong>In</strong></span> <span class='ocrx_word' id='word_1_256' title='bbox 519 4226 613 4288; x_wconf 78' lang='lat' dir='ltr'><strong>veteri</strong></span> <span class='ocrx_word' id='word_1_257' title='bbox 640 4226 813 4300; x_wconf 89' lang='lat' dir='ltr'><strong>comoedia,</strong></span> <span class='ocrx_word' id='word_1_258' title='bbox 839 4233 955 4308; x_wconf 86' lang='lat' dir='ltr'><strong>quanta</strong></span> <span class='ocrx_word' id='word_1_259' title='bbox 979 4226 1070 4290; x_wconf 92' lang='lat' dir='ltr'><strong>hodie</strong></span> <span class='ocrx_word' id='word_1_260' title='bbox 1093 4235 1250 4310; x_wconf 86' lang='lat' dir='ltr'><strong>superest,</strong></span> <span class='ocrx_word' id='word_1_261' title='bbox 1276 4228 1381 4291; x_wconf 90' lang='lat' dir='ltr'><strong>nullus</strong></span> 
     </span>
     <span class='ocr_line' id='line_1_35' title="bbox 296 4335 1379 4426; baseline 0.003 -26"><span class='ocrx_word' id='word_1_262' title='bbox 296 4337 419 4401; x_wconf 90' lang='lat' dir='ltr'><strong>omnino</strong></span> <span class='ocrx_word' id='word_1_263' title='bbox 452 4337 536 4401; x_wconf 91' lang='lat' dir='ltr'><strong>locus</strong></span> <span class='ocrx_word' id='word_1_264' title='bbox 564 4347 678 4412; x_wconf 79' lang='lat' dir='ltr'><strong>exstat,</strong></span> <span class='ocrx_word' id='word_1_265' title='bbox 706 4335 759 4400; x_wconf 93' lang='lat' dir='ltr'><strong>ubi</strong></span> <span class='ocrx_word' id='word_1_266' title='bbox 784 4337 846 4401; x_wconf 87' lang='lat' dir='ltr'><strong>sive</strong></span> <span class='ocrx_word' id='word_1_267' title='bbox 868 4336 1013 4416; x_wconf 79' lang='grc' dir='ltr'><em>εὐπραξία</em></span> <span class='ocrx_word' id='word_1_268' title='bbox 1037 4339 1099 4404; x_wconf 81' lang='lat' dir='ltr'><strong>sive</strong></span> <span class='ocrx_word' id='word_1_269' title='bbox 1123 4339 1272 4416; x_wconf 68' lang='grc' dir='ltr'><em>εὐπραγία</em></span> <span class='ocrx_word' id='word_1_270' title='bbox 1297 4339 1379 4426; x_wconf 84' lang='lat' dir='ltr'><strong>lega-</strong></span> 
     </span>
    </p>
   </div>
   <div class='ocr_carea' id='block_1_5' title="bbox 0 0 1568 4914">
    <p class='ocr_par' dir='ltr' id='par_1_11' title="bbox 0 0 1568 4914">
     <span class='ocr_line' id='line_1_36' title="bbox 0 0 1568 4914; baseline 0 0"><span class='ocrx_word' id='word_1_271' title='bbox 0 0 1568 4914; x_wconf 95' lang='lat' dir='ltr'><strong> </strong></span> 
     </span>
    </p>
   </div>
  </div>
 </body>
</html>
