3112 4914
295 347 358 409 130
704 367 957 412 conmonuemus.

288 557 333 622 ibi
357 558 551 624 scribendum
576 567 622 623 est
646 563 678 624 ἐκ
701 568 769 625 νοοοῦ
793 584 862 625 cum
889 561 1044 639 Naucki0‚
1069 562 1152 645 quod
1176 585 1248 626 sane
1266 564 1377 648 probe-

288 670 382 736 bilius
405 672 445 736 ob
469 694 598 757 sequens
622 674 691 744 θεός.

334 789 409 851 too.
434 788 593 867 οπέρμοο
616 789 950 868 συγκραθήσεται.
979 788 1027 852 Of.
1052 789 1089 854 ed
1117 793 1199 854 396:
1225 814 1377 855 eommu-

289 901 347 965 nis
371 901 542 972 (miscendo
565 902 728 987 corporat)
744 911 926 968 nuscetur
945 902 1056 967 nobis
1080 905 1219 991 proles.
1242 904 1375 969 Locutio

288 1012 365 1077 milri
387 1010 462 1076 alibi
486 1035 548 1077 non
571 1012 656 1077 lecte.
683 1014 846 1095 Σπέρμα
872 1036 925 1098 pro
949 1022 1050 1090 οῶμοο
1074 1039 1172 1099 nuper
1189 1026 1293 1080 nostra
1310 1017 1375 1080 red-

288 1125 353 1188 didi
376 1125 483 1210 Suppl.
509 1128 572 1188 222
603 1127 762 1209 Verelupcn
791 1126 848 1202 IV,
879 1131 909 1203 1,
934 1149 1002 1210 pag.
1028 1130 1068 1190 93
1086 1149 1130 1209 sq.

333 1242 408 1303 466.
433 1240 461 1303 sl
484 1240 563 1318 γάρ.
600 1239 638 1303 In
663 1240 718 1303 hec
742 1239 873 1303 formula
895 1242 919 1304 εἰ
944 1247 1110 1324 usurpetur
1132 1263 1187 1324 pro
1211 1240 1283 1318 ella
1304 1264 1373 1305 raro

287 1352 352 1416 sine
374 1351 451 1432 yut,
476 1353 560 1416 velut
582 1352 674 1436 Soph.
698 1352 735 1416 Ο.
759 1352 794 1417 R.
820 1357 894 1418 863.

331 1471 395 1530 412
413 1490 458 1551 sq.
483 1465 600 1531 Locum
624 1468 697 1530 olim
721 1467 799 1530 mele
815 1466 1004 1530 intellectum
1022 1490 1039 1530 a
1056 1468 1233 1550 Musgrevio
1250 1471 1373 1532 ceteris·

263 1600 346 1664 ,que
368 1579 586 1664 interpretibus
611 1581 727 1663 primus
751 1579 828 1644 bene
852 1580 999 1663 explicuit
1023 1580 1196 1664 Hermann,
1219 1583 1271 1667 qui
1289 1591 1370 1647 recte

286 1694 478 1778 distinguens
503 1703 572 1777 post
594 1695 643 1758 τὸν
666 1693 715 1757 σόν
741 1695 846 1757 vertit:
872 1694 977 1776 quod
1002 1695 1120 1758 nobis
1145 1696 1261 1778 prius
1287 1718 1371 1759 eum

285 1808 380 1872 filio
412 1815 482 1871 tuo
513 1807 748 1871 commercii
779 1808 1029 1871 intercessit
1063 1808 1211 1872 melius
1243 1809 1369 1874 cedet.

284 1921 333 1984 Ite
364 1920 490 1996 Xutho,
525 1923 567 1985 sie
597 1922 695 2004 pergit
724 1923 769 1984 vir
792 1922 1005 1997 acutissimus,
1031 1920 1185 1986 videbitur
1208 1943 1309 1997 orere,
1335 1932 1371 1986 ut

285 2056 363 2119 quee
386 2055 469 2098 nunc
493 2048 576 2097 suere
601 2033 710 2097 facturi
736 2034 814 2112 sint,
843 2035 937 2117 magis
961 2035 1092 2118 propitio
1116 2043 1216 2098 mente
1241 2036 1370 2119 accipiet

285 2148 397 2232 Apollo
428 2169 520 2231 quern
552 2169 628 2230 quae
662 2148 688 2210 ei
720 2147 848 2211 antehac
880 2148 995 2210 fuerint
1027 2146 1147 2211 oblate:
1176 2149 1243 2232 ipse
1266 2156 1368 2212 eutem

283 2269 384 2346 optet,
409 2271 445 2325 ut
476 2283 553 2344 quac
584 2259 643 2324 sibi
675 2261 747 2324 olim
772 2261 877 2324 infelix
902 2262 961 2324 luit
983 2283 1052 2325 eum
1078 2261 1222 2345 Apolline
1243 2284 1369 2326 consue-

282 2375 375 2455 tudo,
392 2377 505 2460 quippe
521 2375 609 2439 euius
626 2375 794 2460 praemium
811 2375 973 2439 orbitatem
990 2372 1095 2448 hebet,
1113 2398 1147 2439 ee
1162 2383 1197 2439 ut
1214 2377 1245 2439 in
1258 2376 1367 2439 melius
1391 2364 1392 2367 ¹

282 2497 483 2566 convertetur,
509 2497 708 2573 ereptumque
732 2487 790 2551 sibi
814 2488 911 2552 filium
928 2489 1071 2553 inveniet.
1088 2525 1131 2538 -
1147 2490 1367 2572 permulcet

280 2603 430 2678 βελτίονα.
465 2603 649 2686 Plerumque
674 2603 797 2667 verbum
817 2611 982 2686 usurpetur
999 2603 1037 2666 ds
1052 2625 1153 2667 rerum
1171 2605 1367 2668 conversione

279 2717 311 2780 in
344 2717 449 2801 peius,
483 2717 575 2801 poulo
607 2711 703 2782 rarius
736 2725 772 2780 nt
804 2716 832 2781 h.
857 2716 876 2781 l.
904 2717 942 2779 de
966 2718 1161 2780 conversione
1185 2719 1216 2780 in
1242 2719 1362 2783 melius.

280 2831 326 2896 Of.
351 2834 403 2896 Ar.
427 2833 485 2896 Av.
512 2835 593 2908 626,
619 2831 750 2915 Lycurg.
776 2833 807 2895 in
831 2830 937 2894 Lcoer.
963 2854 992 2914 p.
1021 2834 1092 2907 155,
1120 2835 1171 2907 22,
1196 2838 1267 2896 cett.

207 3028 211 3032 Ι
326 2949 401 3010 413.
438 2944 549 3010 iocur
585 2944 676 3009 τάδ’.
713 2943 909 3008 Confidenter
941 2944 1069 3027 loquens
1101 2944 1227 3009 Xuthus
1260 2945 1365 3009 futuro

282 3057 392 3133 utitur,
417 3079 478 3119 non
503 3057 647 3139 optativo.
677 3055 723 3118 cf.
749 3060 822 3120 425.
1273 3046 1274 3049 “

325 3172 401 3232 414.
433 3166 556 3231 Correxi
588 3170 656 3241 ἡμῖν
688 3190 741 3250 pro
773 3171 875 3244 ἡμεῖς,
907 3168 980 3251 quie
1010 3168 1036 3230 si
1067 3168 1111 3229 ita
1140 3167 1270 3250 legimus
1294 3189 1364 3248 cunm

280 3278 384 3354 libris,
411 3301 472 3342 non
497 3287 597 3362 potest
620 3279 706 3343 eliud
726 3278 851 3343 verbum
868 3280 1005 3363 suppleri
1021 3301 1113 3363 quam
1130 3279 1362 3358 προφητεύομεν,

280 3393 363 3475 quod
396 3391 432 3454 dc
462 3391 538 3455 Ione
563 3392 686 3455 aedituo
709 3392 875 3455 absurdum
899 3400 953 3456 est.
990 3392 1039 3456 Ad
1063 3392 1190 3455 formam
1216 3391 1362 3455 orationis

280 3506 319 3569 cl.
343 3506 413 3592 Iph.
438 3505 472 3568 Τ.
499 3508 572 3582 621,
597 3504 667 3588 Iph.
692 3507 728 3569 A.
754 3508 827 3571 746.
870 3506 1031 3589 Verulapen
1056 3504 1110 3579 IV,
1135 3509 1164 3581 2,
1190 3527 1218 3589 p.
1246 3507 1317 3568 184.

326 3621 389 3682 416
408 3642 451 3703 sq.
483 3618 683 3702 intellegendi
706 3626 874 3700 προφῆται,
900 3619 963 3682 sive
986 3618 1147 3699 ἐξηγῆται,
1173 3625 1208 3681 ut
1232 3618 1362 3692 videtur,

278 3733 315 3796 de
339 3732 451 3816 quibus
475 3731 543 3794 vide
567 3732 605 3794 ud
631 3736 682 3796 95.
726 3732 772 3795 De
797 3732 905 3796 horum
930 3755 1057 3797 numero
1082 3732 1264 3816 procedente
1289 3739 1362 3794 tem·

237 3930 239 3934 y
278 3862 350 3930 pore
373 3852 463 3908 aucto
487 3845 523 3908 cf.
549 3845 722 3928 Wesseling
746 3846 781 3908 od
811 3847 922 3911 Herod.
948 3846 1037 3922 VIII,
1064 3848 1105 3908 36
1123 3867 1184 3929 sq„
1210 3844 1292 3908 unde
1309 3867 1362 3928 ep-

277 3966 362 4041 peret
379 3979 475 4020 unum
491 3965 611 4022 tanturn
628 3959 721 4023 fuisse
737 3968 873 4044 tempore
891 3960 963 4023 belli
978 3960 1100 4023 Persico
1117 3959 1159 4022 II.
1177 3957 1223 4022 Of.
1235 3958 1272 4020 ed
1287 3961 1361 4022 421.

322 4074 396 4135 419.
419 4073 605 4152 χρηστήριον,
631 4073 693 4136 scil.
718 4074 815 4149 θῦμα,
841 4072 965 4136 vlotims
988 4072 1173 4136 immolanda
1196 4081 1360 4153 antequem

276 4181 434 4245 oraculum
466 4183 586 4248 consuli
620 4184 664 4245 les
691 4193 779 4248 esset.
810 4182 856 4246 Cf.
882 4186 943 4248 227
970 4191 1000 4246 et
1024 4182 1178 4245 Diodorus
1202 4180 1291 4257 XVI,
1317 4184 1358 4244 26

274 4294 334 4373 att>
359 4296 497 4374 μάλιοτοο
522 4296 781 4378 χρηστηροοίζοντοο
805 4295 894 4377 μέχρι
915 4303 967 4362 τοῦ
990 4302 1039 4362 νῦν
1062 4299 1086 4362 οἱ
1110 4296 1235 4379 Δελφοί.
