3112 4914
628 358 883 404 eouunuramns.
1232 342 1296 406 183

78 641 88 645 “
212 581 272 623 non
295 559 431 640 λνόζομαι
456 560 671 644 pronuntiasse
694 559 830 644 eosdem)
855 560 981 644 ponitur
998 581 1052 643 pro
1068 556 1295 635 ἀναλαμβάνειν

210 673 311 737 ἑαυτὸν
342 675 375 737 ἐκ
405 673 501 756 νόσους
528 672 734 757 metaphorice
764 673 867 737 eadem
897 673 1029 736 formula
1052 672 1216 736 adhibetur
1240 694 1294 756 pro

210 786 462 867 ἀνακονφόζεσόαι.
488 785 535 850 Of.
561 786 602 850 H.
626 786 660 850 A
690 789 784 864 1047,
808 787 843 850 fr.
868 789 943 865 336,
960 791 990 869 4,
1015 785 1232 871 Theopompus
1248 808 1294 870 ap.

212 899 306 964 Mein.
329 899 374 976 II,
400 902 475 977 813,
501 904 530 976 5,
555 900 746 986 Philippides
770 899 844 964 ibid.
868 899 924 976 IV,
953 902 1004 978 lo,
1029 903 1058 964 8.

256 1017 329 1078 876.
361 1014 615 1078 Emendationem
648 1014 886 1092 aamtiovaadsto'
908 1014 1021 1081 iniuria
1045 1014 1192 1078 tribuitur
1215 1014 1297 1077 Bad·
1326 1104 1327 1108 Ἰ

211 1126 310 1191 hamo.
347 1126 484 1192 Debetur
507 1128 588 1212 enim
613 1127 769 1193 Barnesio.

256 1244 328 1336 881.
352 1242 561 1331 Septiohordis
585 1251 649 1306 erat
671 1242 826 1326 Apollinis
852 1242 924 1325 lyra.
949 1240 1028 1304 Vide
1045 1240 1163 1306 Gallim.
1183 1241 1295 1326 Hymn.

209 1354 240 1418 in
267 1355 378 1418 Delum
404 1358 467 1420 253
492 1363 523 1418 et
546 1377 623 1438 quae
647 1356 690 1419 ibi
714 1356 788 1418 eitat
812 1354 1026 1438 spanhemius.
1059 1354 1183 1419 Mosen.
1204 1355 1295 1420 Hom.

214 1470 325 1552 Hymn.
357 1471 387 1532 in
423 1469 525 1554 Apoll.
558 1473 614 1532 181
634 1490 677 1552 sq.
712 1467 766 1543 Εἴιρ
790 1493 838 1543 μοι
860 1470 965 1548 αι’όοορίς
990 1493 1024 1532 σε
1046 1469 1121 1548 <ulta
1145 1472 1193 1532 καὶ
1218 1469 1297 1546 κάμ-

210 1598 293 1647 nata
315 1583 390 1660 τόξα
397 1634 406 1664 ,
426 1583 432 1671 Ι
451 1585 551 1664 χρήσω
572 1584 596 1648 δ’
616 1583 781 1661 ἀνόριόοιοισι
805 1584 873 1654 Διὸς
894 1583 1037 1663 νημερτέα
1055 1582 1175 1659 βουλήν.
1200 1582 1297 1666 Apol·

201 1697 302 1760 linem
327 1698 358 1761 in
384 1698 503 1782 tripode
527 1697 683 1761 sedentem
707 1719 776 1760 eum
792 1697 945 1760 testudine
962 1719 1133 1760 resonare
1153 1704 1294 1780 septem

210 1812 348 1876 eallida
372 1813 495 1876 nervis
521 1821 551 1875 et
575 1833 647 1874 arou
671 1811 762 1875 habet
788 1833 839 1874 vas
862 1811 1044 1894 antiquum,
1070 1810 1153 1895 quod
1178 1833 1296 1895 reprae-

209 1933 347 1990 sentatur
379 1928 590 1991 Πόοόόοααοόνο
622 1905 682 1990 der
704 1930 863 2008 oatt'qur'tts
889 1925 1040 2008 Greeqnes
1065 1932 1092 1990 et
1116 1926 1296 1999 Romnines,

210 2039 268 2103 sub
301 2062 363 2105 voe.
393 2041 531 2124 Apollon.
575 2039 784 2124 'Perpendrum
818 2039 950 2122 primum
982 2039 1188 2101 introduxisse
1219 2038 1297 2100 hane

210 2153 356 2217 citharam
382 2175 436 2237 pro
461 2152 653 2216 tetrachorda
677 2153 755 2216 fama
779 2162 833 2216 est.
869 2152 941 2216 Inre
961 2161 1061 2216 tamen
1082 2153 1142 2215 iam
1160 2152 1296 2236 antiqui-

210 2275 259 2330 tus
292 2266 468 2331 dubitatum
499 2275 560 2342 est,
584 2289 669 2330 num
701 2266 870 2350 genuinum
902 2267 940 2328 sit
973 2266 1055 2349 quod
1088 2267 1115 2329 ei
1150 2265 1296 2328 tribuitur

210 2379 381 2444 distichon:
406 2381 456 2445 Σοὶ
481 2381 505 2444 δ’
525 2383 609 2455 ἡμεῖς
632 2379 811 2460 σετράριρριιν
826 2379 1059 2459 ἀποστέρξαντες
1075 2378 1172 2443 ἀοιόόιν
1187 2384 1191 2466 Ι
1204 2379 1295 2442 ἑσσα-

209 2493 278 2574 σόνῳ
309 2493 458 2574 φόρμιγγι
490 2494 565 2563 νέονι
596 2492 794 2569 κελαδήσομεν
826 2491 939 2570 ὕμνους.
986 2491 1031 2557 Of.
1064 2492 1163 2556 Strab.
1196 2490 1293 2568 XIII,

209 2630 238 2692 p.
264 2610 327 2670 618
351 2616 382 2672 et
405 2607 501 2672 Glem.
525 2607 613 2671 Alex.
639 2606 751 2673 Strom.
777 2606 833 2684 VI,
859 2599 887 2692 p.
914 2609 976 2671 685
994 2606 1041 2672 (1.,Ἰ

256 2723 319 2783 888
343 2743 388 2804 sq.
420 2721 640 2801 ἀγραύλοις
664 2722 807 2802 κέρασιν
830 2723 862 2785 ἐν
884 2720 1057 2801 ἀψύχοις,
1083 2719 1294 2802 agrestibus

209 2832 384 2898 oornibns
419 2835 644 2899 inanimatis.
681 2835 823 2920 Agrestia
855 2834 916 2898 diei
939 2833 1100 2908 videntur,
1127 2834 1198 2917 quia
1222 2835 1296 2898 haee

209 2948 349 3011 materies
380 2949 519 3031 provenit
551 2971 573 3011 a·
595 2949 683 3024 feris,
711 2948 894 3023 inanimata,
921 2947 1079 3032 quianon
1104 2946 1235 3030 amplius
1260 2956 1295 3009 ut

209 3070 280 3125 ante
304 3061 439 3125 efficiunt
463 3063 663 3127 animantium
688 3073 814 3148 partem.
840 3061 970 3124 Difficile
994 3068 1096 3124 autem
1121 3060 1204 3123 dietn
1228 3069 1294 3137 est,

210 3199 287 3259 quae
319 3198 443 3240 cornua·
468 3177 497 3239 h.
524 3177 542 3240 l.
578 3177 640 3239 sint
675 3176 891 3260 intellegenda.
932 3175 1034 3239 Heath
1066 3175 1111 3237 vel
1139 3174 1177 3237 de
1199 3175 1294 3258 plee-

210 3297 265 3353 tro
298 3290 343 3353 vel
376 3290 414 3353 de
445 3290 650 3353 testudinis
682 3290 819 3354 coneha
850 3290 1084 3373 interpretatur,
1110 3288 1293 3373 Musgrave‚

210 3414 244 3466 ut
268 3403 401 3482 videtur,
426 3404 463 3467 de
488 3426 523 3467 eo
548 3405 631 3487 quod
655 3403 767 3468 Graece
792 3403 905 3467 dieitur
928 3403 1079 3484 μανάόις,
1105 3400 1295 3465 nostratibus

208 3521 402 3600 zoupbodem,
427 3519 525 3581 citans
549 3517 707 3581 Pollucem
730 3516 787 3596 IV,
812 3521 853 3580 88
878 3517 928 3598 (ef.
951 3521 1000 3580 Ar.
1018 3516 1092 3580 Ran.
1115 3518 1178 3579 283
1200 3517 1293 3599 sqq.),

212 3631 343 3714 Hesyeh.
374 3632 396 3694 i.
421 3654 447 3695 v.
479 3631 587 3697 δόνακα
620 3642 650 3695 et
683 3631 746 3696 (tio.
778 3631 815 3695 de
839 3641 901 3695 nat.
928 3631 1009 3696 deor.
1032 3629 1076 3705 II,
1104 3633 1155 3705 59,
1182 3628 1294 3712 quibus

209 3745 283 3808 loeis
309 3747 445 3822 Badham
470 3747 555 3810 addit
576 3746 726 3811 Telestem
751 3746 832 3830 apud
857 3747 969 3810 Athen.
996 3769 1023 3831 p.
1050 3749 1123 3810 534.
1153 3744 1297 3828 ligram·

210 3859 388 3923 matieornm
410 3871 510 3924 tamen
531 3862 607 3925 loeis
626 3861 687 3925 lere
707 3861 818 3925 efficias
835 3861 918 3924 hune
931 3883 1026 3924 cornu
1041 3883 1128 3924 usum
1142 3859 1237 3923 fuisse
1251 3880 1295 3921 re·

209 3974 382 4037 oentiorem.
408 3972 605 4059 Quapropter
625 3976 737 4040 reiecta
755 3976 810 4040 hao
822 3975 1073 4058 interpretatione
1087 3971 1297 4056 intellegenda

209 4107 273 4148 esse
297 4086 436 4171 suspicor
460 4086 522 4151 duo
542 4088 622 4173 lyrae
645 4089 739 4153 latera
757 4112 780 4152 s.
796 4089 934 4164 brachia,
961 4109 1038 4172 quae
1058 4086 1151 4170 vulgo
1167 4085 1299 4150 audiunt

207 4201 355 4274 ἀναῶνες,
391 4199 445 4282 qui
476 4222 608 4285 superne
635 4202 810 4285 iunguntur
834 4200 931 4281 ζυγῷ,
954 4199 1071 4263 inferne
1096 4197 1213 4277 μαράόι
1237 4199 1298 4262 sive

209 4316 369 4396 ὑσολνρόιρ,
405 4317 455 4380 eui
489 4316 735 4401 interpretationi
770 4315 897 4379 forsitan
933 4314 1033 4378 faveat
1069 4313 1237 4402 Sophocles
1266 4312 1296 4376 in
