3112 4914
267 340 329 404 142
679 359 932 404 commaneamus.

264 551 399 635 Madvig.
435 551 551 615 Locum
584 525 740 615 emendavi
776 553 860 616 Stud.
896 553 970 617 Oeae.
1004 557 1036 615 οἰι
1066 559 1143 637 poet.
1179 575 1255 616 acea.
1293 551 1348 615 Gr.

264 688 332 750 pag.
368 669 428 741 34,
466 664 578 729 collato
609 665 754 748 Aeschyli
787 666 887 729 Prom.
921 669 995 730 451.
1027 667 1090 730 Pan
1123 667 1195 731 solis
1232 675 1346 729 aestum

264 779 384 865 fugiens
408 780 439 842 in
464 787 551 842 antro
575 778 823 859 κοιλκμίφίοννκ
845 777 961 859 ποιίζει,
988 787 1019 843 et
1042 779 1211 843 secundum
1229 778 1349 840 fistulae

264 892 370 956 modos
394 893 518 956 choreas
543 892 661 956 ducunt
685 891 829 976 Cecropis
852 892 940 955 filiae.
976 891 1023 956 Of.
1053 892 1165 956 llleetr.
1192 895 1255 957 702
1281 912 1347 974 sqq.
1449 896 1452 902 '

264 1003 482 1069 Suavissimum
507 1026 555 1066 me
578 1003 680 1068 iudice
703 1004 761 1067 hoe
782 1027 902 1069 carmen
919 1015 965 1068 est
981 1013 1011 1069 et
1027 1007 1107 1069 inter
1124 1004 1345 1089 pulcherrima,
1426 1052 1427 1055 ι

265 1140 342 1201 quae
366 1117 472 1202 panxit
496 1116 669 1201 Euripides.

310 1234 383 1294 503.
417 1255 475 1300 τις
510 1231 706 1310 ποιρίίνος.
751 1231 828 1295 llam
863 1232 1010 1314 virginem
1045 1254 1110 1296 esse
1145 1255 1225 1296 eram
1262 1254 1348 1295 suam

264 1344 408 1408 Creusam
442 1344 553 1407 chorus
584 1344 696 1428 accipit
728 1345 805 1408 infra
836 1349 898 1409 937
918 1366 982 1430 sqq.
1023 1346 1160 1430 Apparet
1183 1353 1285 1410 autem
1310 1368 1349 1409 ex

264 1459 312 1522 his
325 1455 465 1543 ,versibus
481 1457 608 1521 chorum
621 1458 695 1521 haec
708 1459 873 1535 audivisse,
889 1482 982 1543 quum
997 1458 1111 1523 Oreiisa
1123 1459 1193 1524 Ioni
1205 1462 1270 1522 324
1284 1479 1348 1542 sqq.

264 1571 377 1634 amicae
401 1570 488 1653 quasi
512 1593 583 1634 suae
607 1572 693 1634 triste
716 1571 813 1634 fatum
838 1579 981 1635 narraret.
1389 1619 1396 1630 .

311 1687 384 1746 504.
416 1692 584 1755 πνοινοῖς
615 1722 658 1733 -
688 1684 796 1764 θηρσί
826 1709 877 1750 πε.
921 1684 1000 1748 Vide
1036 1688 1118 1760 348,
1156 1686 1238 1760 933,
1273 1687 1347 1748 951.

265 1796 430 1860 Homerus:
455 1795 585 1861 κύνεσσιν
608 1798 722 1862 οἰωνοῖσι
744 1823 777 1862 πε
795 1803 879 1863 πῶοι.
904 1797 997 1881 Scph.
1015 1800 1089 1861 Ant.
1108 1798 1170 1862 257
1189 1797 1256 1862 οὔτε
1271 1796 1349 1876 θηρὸς

265 1910 331 1975 οὔτε
354 1935 403 1975 που
426 1916 527 1987 κυνῶν,
552 1911 588 1975 fr.
615 1911 697 1987 678,
725 1915 763 1974 11
783 1933 827 1996 sq.
850 1913 879 1976 ἐν
898 1913 1014 1978 οίιονοῖοι
1034 1949 1078 1960 -
1097 1913 1125 1975 ἕν
1145 1911 1248 1990 ίνρρσίν,
1272 1910 1347 1976 Hoc.

267 2027 352 2089 1092
383 2025 474 2088 ίοίνοιν
501 2025 609 2104 ῶγρίοον
632 2025 733 2102 ίκρῶν,
759 2024 875 2090 Phoen.
901 2029 986 2091 1597
1011 2025 1104 2106 ίνρροίν
1127 2023 1223 2089 ῶίκιον
1246 2024 1346 2101 βορῶν.

266 2136 311 2201 Of.
335 2136 444 2200 Troad.
470 2140 549 2213 450,
577 2137 624 2202 ul.
649 2140 722 2202 896.

312 2253 375 2313 505
393 2271 438 2332 sq.
462 2257 603 2330 πικρῶν
626 2250 763 2327 νοίρκιον
779 2247 897 2330 ὕβριν.
921 2251 1040 2315 Editori
1057 2250 1243 2335 Glasguensi
1259 2257 1350 2335 poeta

266 2365 311 2428 ita
324 2385 440 2443 <vocare
458 2341 590 2446 puerum
617 2362 736 2427 videtur
760 2386 813 2448 per
837 2364 896 2426 vim
921 2372 950 2428 et
967 2364 1182 2428 contumeliam
1199 2365 1347 2449 genitum.

266 2477 325 2541 Vix
358 2476 546 2540 crediderim.
588 2475 672 2540 Haec
703 2477 782 2540 enim
819 2475 909 2540 verba
943 2500 1004 2541 non
1035 2486 1108 2542 sunt
1140 2479 1279 2563 apposita
1310 2478 1347 2540 ad

264 2569 391 2671 βρέφος,
424 2589 476 2654 sed
505 2589 543 2653 ad
567 2588 658 2653 verba
681 2613 856 2674 praegressa
879 2599 999 2662 πποινοῖς
1023 2630 1068 2640 -
1091 2591 1198 2667 deira,
1224 2592 1261 2655 de
1285 2613 1348 2676 quo

265 2726 374 2788 genere
406 2703 606 2788 appositionis
637 2703 780 2788 Euripidi
813 2704 1007 2788 perfamiliari
1038 2706 1075 2768 cl.
1112 2705 1262 2769 Matthiae
1293 2705 1347 2769 Gr.

264 2819 281 2901 d
312 2819 394 2892 432,
428 2820 457 2882 5.
494 2814 597 2895 Quare
628 2817 825 2881 vertendum:
857 2818 894 2879 in
927 2819 1201 2883 contumeliam
1225 2819 1348 2882 acerbi

265 2928 473 2995 connubii.
498 2967 541 2978 -
563 2929 623 2992 Pro
647 2930 760 3011 ἐξώρισε
783 2952 844 2994 non
869 2933 965 3014 magis
989 2954 1078 3014 quarn
1101 2931 1237 2994 Badham
1254 2955 1347 2995 ausus

265 3067 331 3109 sum
356 3043 517 3107 admittere
541 3042 693 3106 Dindorfii
717 3044 921 3108 coniecturam
946 3043 1088 3124 ἐξῶριζεν,
1114 3045 1185 3128 quia
1201 3045 1286 3108 loeus
1303 3054 1349 3108 est

264 3159 402 3233 Acristo,
420 3178 482 3220 uon
504 3164 547 3220 est
566 3156 758 3240 imperfecto.
774 3156 912 3221 Badham
926 3153 1058 3222 deleted
1072 3158 1103 3220 in
1115 3144 1158 3220 vs.
1174 3180 1348 3241 praegresso

265 3271 357 3335 scribi
391 3270 465 3334 velit
495 3269 625 3351 ἐξορίζει,
653 3278 688 3332 ut
711 3270 845 3335 dochmii
869 3272 1021 3354 excipiant
1045 3271 1253 3355 Glyconieum.
1288 3271 1348 3334 sed

156 3385 159 3389 ’
265 3391 394 3448 metrum
420 3383 450 3446 iu
475 3384 608 3467 vulgatis
632 3383 767 3447 laborare
792 3385 865 3448 satis
889 3392 1006 3449 eertum
1029 3392 1083 3448 est.
1108 3384 1249 3447 Fortasse
1272 3408 1348 3465 ποορ-

264 3499 338 3569 ίένος
363 3505 409 3561 est
432 3496 583 3581 glossema
604 3498 732 3581 genuini
757 3496 896 3561 vocabuli
920 3505 1006 3574 ποιῖς,
1036 3520 1097 3583 quo
1118 3498 1261 3561 restituto
1278 3500 1348 3562 scri·

266 3607 418 3675 bendum:
716 3698 719 3703 .

377 3723 422 3788 ἵνοο
444 3725 569 3790 πεκοῶοοί
594 3750 637 3798 τις
661 3733 754 3796 ποιῖς
779 3726 816 3808 (s.
839 3735 910 3797 ποιίρ
933 3729 990 3806 τις)
1017 3725 1244 3808 acatalepton

377 3839 472 3918 Φοίβῳ
494 3847 614 3912 πποινοῑς
638 3839 801 3920 ἐξορίζει
825 3840 915 3903 ίοίνοον

376 3952 454 4031 earet
476 3977 509 4015 πε
531 3953 644 4033 Φοινίκν
667 3952 773 4032 δοιῖποο,
799 3953 859 4017 aei.

265 4071 301 4128 ut
324 4065 435 4150 integri
459 4065 521 4128 sint
544 4065 678 4128 dochmii
701 4066 772 4129 inde
795 4088 812 4128 a
837 4087 877 4128 vs.
903 4068 977 4127 593.

311 4182 385 4244 505.
427 4179 508 4242 ἐπί
532 4180 709 4259 κερκίσιν
748 4180 905 4263 accipiunt
939 4178 991 4241 alii
1027 4200 1095 4242 cum
1131 4178 1277 4241 Rarnesio
1311 4178 1350 4240 de

265 4293 396 4357 telarum
426 4293 570 4377 picturis,
601 4292 654 4356 alii
685 4313 753 4355 eum
780 4292 958 4376 Musgravio
981 4292 1019 4354 de
1042 4290 1222 4354 ancillarum
1246 4291 1319 4354 conf
1335 4328 1349 4341 ·
