3112 4914
603 413 853 464 connumeratus,
1206 399 1267 464 139

183 613 232 678 τόν
262 617 295 678 ἐκ
324 614 460 695 διαδοχῆς
492 613 756 694 προσγιγνόμενον,
789 613 841 676 sed
873 613 994 677 divitias
1018 615 1150 700 quaein
1175 614 1268 678 domo

184 729 359 792 reconditae
382 729 475 793 alium
499 738 569 813 post
594 728 687 792 elium
705 728 844 791 heredem
864 729 1050 813 excipiunt.''
1075 728 1267 804 Memmio,

185 842 271 904 onius
305 842 587 925 interpretationem
624 843 733 906 merito
767 842 906 926 probavit
942 843 1107 907 Hermann.
1150 843 1188 906 In
1223 864 1267 906 vs.

186 958 324 1038 sequenti
362 978 464 1020 vereor
495 978 533 1020 ne
567 963 738 1019 monstrum
768 957 829 1019 alat
852 959 896 1027 ὡς
919 953 1095 1032 ἕξοντες,
1120 979 1182 1019 non
1208 976 1268 1038 quo

184 1068 404 1130 constructioni
433 1069 500 1145 πρὸς
519 1067 552 1131 πό
572 1068 780 1144 σημαινόμενον
801 1068 902 1131 locum
923 1091 985 1131 non
1002 1068 1166 1132 concedam
1186 1067 1269 1150 (vide

185 1203 210 1244 v.
234 1202 258 1244 c.
284 1179 359 1244 Oed.
384 1179 457 1262 Reg.
485 1184 584 1257 1376,
608 1180 716 1244 Troad.
738 1185 800 1244 531
816 1204 860 1265 sq.
880 1186 968 1246 neira
988 1179 1077 1258 γέννοο
1093 1189 1210 1260 Φρυγῶν
1225 1219 1270 1230 -

183 1294 297 1373 όρμοόόν
325 1309 369 1344 ’-
396 1298 447 1378 aa
478 1295 617 1369 δώσων,
654 1294 707 1357 ubi
742 1305 844 1359 tamen
876 1297 1006 1360 δοῦνοον
1039 1296 1268 1380 praetulerim),

184 1408 236 1472 sed
262 1418 386 1495 propter
408 1419 540 1471 metrum
564 1430 606 1472 vs.
630 1400 832 1484 antithetici,¹
848 1409 945 1486 unde,
973 1411 999 1473 si
1022 1410 1178 1486 ’caepere
1199 1430 1269 1472 vera

184 1522 274 1584 lectio
314 1533 359 1584 est
373 1553 565 1596 -----
578 1571 586 1598 ,
628 1522 675 1584 sin
717 1522 900 1600 Οὐλύμπου,
934 1531 969 1586 ut
1004 1524 1157 1609 suspicor,
1193 1520 1269 1585 bene

183 1633 313 1698 correxit
348 1635 505 1712 Badham,
535 1673 560 1681 —
584 1674 609 1681 -
628 1676 653 1683 -
673 1675 698 1684 —
734 1658 834 1700 veram
869 1659 1040 1703 mensuram
1077 1659 1141 1700 esse
1177 1658 1270 1721 appa-

183 1756 255 1812 reat.
283 1747 375 1828 Quod
399 1750 529 1812 coniecit
554 1749 663 1814 Reiske
686 1749 865 1829 παρεξόντων
888 1751 1066 1815 adversatur
1088 1751 1264 1814 sententiae.

185 1861 282 1946 Ergo,
307 1865 339 1925 ni
363 1864 485 1946 gravius
509 1872 684 1946 peccatum,
703 1864 874 1947 scripserim
890 1867 926 1936 ὥς
943 1863 1062 1940 ἐξόνπων
1078 1865 1269 1948 iungendum

183 1998 252 2040 oum
278 1979 390 2042 τέκνων.
416 1977 589 2041 Sententia:
615 1978 754 2061 quippe
771 1980 834 2062 qui
851 1978 1099 2042 hereditarias
1115 1978 1268 2042 divitias

183 2090 370 2154 habituri
406 2092 488 2153 sint
521 2115 538 2154 a
573 2092 835 2175 perentibus,
872 2091 969 2155 aliis
1006 2091 1153 2156 liberis
1191 2091 1269 2171 (suis

183 2208 306 2287 nempe)
330 2212 472 2288 postea
495 2205 705 2270 tradituri.

228 2318 291 2381 481
313 2341 377 2402 sqq.
408 2317 508 2382 Nemo
533 2319 669 2382 monitus
692 2341 755 2382 non
779 2319 890 2382 sentiet
914 2341 951 2381 ne
976 2319 1064 2382 uelde
1087 2319 1269 2382 mediocrem

184 2433 310 2514 quidem
343 2441 462 2516 poetam
494 2433 537 2496 ita
568 2432 698 2496 scribere
728 2434 872 2516 potuisse.
912 2431 1088 2510 Librarius,
1114 2434 1164 2497 cui
1187 2433 1270 2497 όλκοό

185 2555 249 2610 erat
282 2546 415 2623 ἔνωνλον,
449 2546 535 2609 dedit
561 2547 672 2630 όλκοόν,
698 2569 751 2631 pro
777 2569 811 2610 eo
836 2548 918 2630 quod
943 2548 1081 2631 reposuit
1104 2547 1267 2623 ωόγλοον,

184 2660 302 2740 dictum
327 2667 362 2723 ut
382 2662 542 2744 (σωτήρων)
558 2659 636 2741 Φόος
653 2660 736 2724 Med.
754 2663 828 2725 482.
855 2660 1013 2725 Vocabulo
1030 2661 1150 2744 saepius
1166 2669 1270 2725 noster

183 2775 215 2836 in
247 2774 362 2836 melicis
396 2797 471 2837 usus
503 2783 565 2836 est:
590 2774 697 2859 Suppl.
722 2778 804 2850 990,
830 2774 920 2838 Rhes.
946 2775 1027 2851 534,
1051 2774 1162 2838 Troed.
1188 2777 1268 2851 sal,

184 2890 257 2951 549.
292 2885 336 2949 Cf.
369 2890 548 2970 Verslaqea,
575 2886 632 2964 IV,
659 2890 688 2966 2,
714 2911 740 2970 p.
769 2891 839 2952 184.
865 2887 914 2950 Ad
931 2889 1112 2952 sententiam
1129 2909 1270 2972 compara

183 3001 288 3084 fragm.
322 3003 405 3076 362,
443 3004 481 3064 14
499 3023 551 3083 sq:
582 3002 671 3065 τέκνω
697 3000 773 3066 τοῦδ’
801 2999 884 3065 ἕκοοπν
907 3000 1043 3079 πόκπομεν
1063 2999 1069 3089 Ι
1088 3003 1124 3072 ὥς
1147 3002 1212 3065 θεῶν
1236 3025 1269 3065 πε

182 3115 300 3192 βωμοὺς
324 3115 452 3194 ποοπρόόοο
473 3140 507 3178 σε
530 3115 670 3194 ῥυόμεόοο.
707 3114 873 3178 osroenos
897 3115 973 3179 LXI
998 3118 1057 3180 71:
1083 3137 1175 3198 quae
1192 3115 1269 3179 tuis

184 3228 385 3312 (Hymenaee)
410 3236 548 3292 careat
572 3229 717 3305 sacris,
744 3251 817 3291 non
843 3238 964 3312 queat
988 3229 1081 3293 dare
1101 3248 1269 3292 emesenus

182 3350 298 3427 terra.
313 3339 492 3418 finibus,
517 3363 608 3423 quem
633 3342 734 3405 locum
760 3342 837 3405 male
861 3343 1104 3426 interpretantur
1122 3342 1159 3405 de
1176 3342 1269 3426 magi-

183 3454 337 3519 stratibus,
373 3455 579 3538 Intellegeudi
618 3456 726 3519 finium
760 3455 919 3532 custodes,
953 3457 1120 3540 praesidia,
1146 3455 1269 3519 milites.

227 3572 301 3633 483.
332 3576 384 3651 γρῖ
414 3569 570 3649 ποοπρόρι.
606 3568 701 3652 Saepo
732 3578 774 3646 γῆ
807 3577 836 3632 et
868 3572 946 3650 χόόον
975 3570 1079 3647 ποοτρός
1107 3592 1132 3631 s.
1158 3570 1270 3647 ποοπρόοο

182 3682 260 3745 dixit
294 3682 458 3764 Euripides
494 3703 549 3764 pro
584 3683 669 3746 nudo
705 3682 807 3763 ποόπροο
842 3707 865 3746 s.
901 3684 1015 3763 ποοπρός.
1055 3681 1152 3745 Semel
1187 3680 1269 3745 πόλιν

182 3795 310 3874 ποοτρόδοο
338 3794 451 3857 Phoen.
488 3797 572 3857 1628
597 3795 664 3858 loeo
688 3804 849 3879 suspecto,
877 3794 929 3858 ubi
954 3795 1088 3859 conieci:
1106 3792 1135 3865 ός
1160 3793 1269 3872 πέρσων

182 3909 333 3987 ποόπροον
353 3907 358 3994 l
379 3909 430 3972 σὺν
454 3908 673 3988 οὶλλόχρωονν
695 3903 761 3979 dude
781 3909 841 3972 κσὲ.
865 3907 962 3972 Godd.
975 3905 1004 3980 ὃς
1017 3908 1126 3987 πέρσων
1139 3908 1223 3972 πόλιν
1243 3906 1249 3993 Ι

182 4022 309 4099 ποοτρόόοο
343 4024 410 4086 σὺν
445 4021 589 4092 ἄλλοις
625 4020 693 4096 ἦλθε
722 4022 800 4103 κπὲ.,
833 4020 1003 4103 inquibus
1028 4022 1087 4084 iem
1111 4021 1164 4084 alii
1189 4022 1270 4086 vide·

182 4144 256 4198 runt
280 4135 447 4219 insipidum
472 4134 555 4198 istud
580 4137 633 4199 σὺν
655 4133 757 4204 ἄλλοις
781 4133 852 4196 ferri
877 4155 940 4196 non
964 4155 1062 4216 posse.

227 4252 303 4312 486.
328 4247 380 4312 Vs.
404 4256 484 4311 certa
507 4249 683 4312 coniectura
699 4248 747 4310 vix
765 4245 929 4309 sanandus.
954 4244 1008 4308 Vs.
1028 4245 1268 4329 antistrophicus

183 4366 245 4424 666
272 4362 361 4425 docet
385 4384 557 4425 mensuram
577 4362 671 4425 fuisse
688 4360 766 4424 hene
778 4389 800 4412 ν
811 4366 834 4418 ό
845 4389 867 4415 v
880 4375 905 4412 a
915 4388 938 4413 v
949 4390 971 4414 v
982 4372 1008 4411 L
1019 4387 1042 4413 v
1053 4387 1075 4411 υ
1087 4371 1112 4412 .’
1124 4387 1146 4412 υ
1159 4369 1184 4410 L
1192 4407 1201 4436 ‚
1219 4359 1268 4422 cui
