3112 4914
287 357 348 420 158
699 376 953 439 commoneamus.

284 568 392 650 filium)
417 588 488 631 uesu
513 568 675 633 viderit.
704 569 824 634 Tdrot
843 571 944 648 Φ1λοο.
978 569 1022 634 (11Δ
1050 572 1130 646 521,
1156 572 1228 634 523.
1265 570 1369 634 Possis

269 705 423 767 quoque:
446 686 462 758 ἡ
486 681 509 746 δ’
533 679 593 747 οὖσ’
617 681 736 752 ἄτεκνος
752 683 840 748 τέκνον
863 691 913 748 σοῦ
929 682 995 762 Φίλ’
1012 687 1124 767 εἰσορᾷ,
1143 685 1207 748 vel:
1226 687 1243 760 ἡ
1259 686 1284 749 δ’
1299 708 1323 749 ο.
1340 709 1370 749 ον.

283 799 324 863 τοὶ
347 797 389 863 σοὶ
412 797 479 879 φ1λ’
503 797 608 882 (ὄλβι’)
633 800 736 881 εἰσορᾷ.
775 797 957 862 Emendatio
980 800 1077 883 igitur
1094 801 1368 886 prorsusinuerta.

330 915 513 976 614-617.
551 911 615 991 Qui
643 912 698 975 hos
724 934 779 975 vso.
804 912 870 976 iure
894 912 1053 976 damnatos
1077 934 1094 975 a
1117 911 1260 976 Nauckio
1284 911 1370 976 addi·

284 1025 348 1103 dit,
380 1049 417 1090 ne
450 1025 638 1089 intellexisse
669 1025 792 1110 quidem
820 1023 952 1099 videtur,
976 1024 1051 1089 haee
1075 1022 1174 1106 verba
1190 1024 1234 1088 sie
1258 1025 1371 1109 scripta

285 1138 361 1203 mule
390 1138 549 1203 cohaerere
572 1160 641 1202 oum
665 1138 868 1223 praegresois,
893 1137 975 1202 unde
1000 1138 1131 1224 pendere
1156 1137 1284 1215 debent,
1309 1143 1370 1210 πῶς

283 1255 342 1333 οὐχ
364 1289 408 1301 -
431 1252 611 1334 protropum
638 1251 739 1317 Metro
762 1259 864 1317 autem
889 1252 981 1316 homo
1004 1251 1230 1337 impediebatur
1252 1252 1371 1336 quomi-

283 1390 360 1442 nus,
385 1388 464 1430 nova
486 1366 628 1430 instituta
651 1365 790 1451 periodo,
816 1365 976 1433 scriberet:
1001 1363 1068 1450 κᾷτ’
1093 1367 1109 1442 ἢ
1134 1366 1250 1447 προδοὺς
1273 1365 1310 1430 ου’
1334 1364 1371 1442 μ’

284 1482 313 1554 ἐς
336 1479 476 1561 δοὶμοορτοο
498 1483 549 1553 σὺν
572 1479 719 1560 βλέψει
742 1479 761 1555 ἢ
785 1481 872 1555 eant
894 1486 985 1555 τιμῶν
1008 1481 1093 1556 δῶμον
1117 1487 1303 1560 συγχεῖς.
1326 1515 1372 1530 -

286 1596 349 1657 616
366 1615 410 1677 sq.
433 1593 499 1677 ipsu
522 1593 668 1656 sermonis
692 1593 769 1657 ratio
796 1593 988 1660 condemnat.
1017 1593 1056 1657 In
1079 1593 1230 1675 σφαγὰς
1248 1592 1371 1676 φορμοὶ·

284 1730 340 1770 κων
371 1700 430 1770 iam
462 1706 559 1769 haesit
583 1704 712 1782 Beiske,
738 1705 869 1769 absurde
893 1706 1047 1770 eonioieno
1069 1705 1179 1789 φυγάς
1202 1706 1267 1772 aeil.
1290 1707 1324 1790 (i.
1345 1728 1370 1769 e.
1487 1712 1489 1716 ’

284 1820 437 1905 βρώσεις),
462 1819 644 1900 vocabulum
669 1827 774 1884 natum
800 1820 832 1884 in
856 1821 953 1904 ipsius
977 1819 1111 1885 cerebro.

331 1936 405 1997 618.
427 1931 555 2004 ἄλλως
579 1957 620 1997 τε
645 1941 684 1996 et
708 1933 887 2015 iusuper.
920 1931 966 1999 Of.
990 1931 1084 2018 Soph.
1110 1932 1150 1999 Ο.
1174 1933 1209 2001 Β.
1239 1937 1309 1998 114.
1327 1971 1371 1984 -

284 2046 385 2130 ἄλλως
415 2071 449 2112 σε
479 2048 528 2111 κυνὶ
560 2054 607 2110 est
638 2069 723 2110 oum
747 2046 830 2110 alia
853 2046 900 2110 de
922 2069 1046 2112 eausa
1070 2056 1150 2114 tum
1176 2049 1264 2126 hue,
1290 2047 1371 2112 unde

185 2246 186 2249 Ἴ
285 2162 320 2224 fit
344 2169 378 2224 ut
401 2182 491 2245 saepe
512 2158 665 2244 significet
688 2181 774 2224 eum
799 2161 1048 2245 praesertim.
1079 2161 1128 2226 Of.
1154 2161 1309 2226 Hermann
1333 2161 1371 2226 ad

267 2274 451 2358 ⁴ligerum,
475 2297 504 2358 p.
529 2276 602 2338 181.

332 2391 394 2450 620
428 2388 466 2451 ab
497 2387 714 2471 interpolatore
745 2387 886 2452 additum
915 2388 993 2452 vidit
1028 2386 1140 2452 Nauck
1164 2412 1225 2453 non
1250 2389 1372 2453 intelle-

285 2508 375 2584 gente
395 2499 432 2564 ad
451 2502 489 2565 οὐ
512 2500 587 2579 γὰρ
609 2498 706 2576 atila
730 2503 819 2582 (non
840 2502 934 2569 enim
955 2504 1088 2587 meret)
1109 2511 1210 2565 mente
1230 2511 1371 2586 repeten—
1482 2563 1486 2570 .

286 2614 360 2678 dum
395 2636 459 2678 esse
498 2612 591 2686 ἄποιος
629 2615 794 2692 γηράσκειν.
846 2613 983 2678 Similem
1017 2613 1186 2678 clausulam
1222 2614 1370 2678 habemus

286 2727 399 2793 Alcest.
432 2730 493 2792 371
528 2727 578 2790 uel
609 2727 668 2807 γὰρ
695 2726 776 2801 alfia.
811 2725 859 2790 Of.
886 2727 997 2790 Troad.
1030 2730 1124 2804 1055,
1151 2727 1226 2792 Heo.
1252 2729 1315 2790 408
1339 2729 1370 2791 οὐ

285 2841 345 2922 γὰρ
376 2840 499 2918 ἄξιον,
534 2839 588 2905 ubi
618 2841 684 2925 lege
706 2841 790 2916 οὶξίοο.
826 2840 863 2904 In
888 2839 989 2903 Inus
1013 2841 1182 2925 fragmento
1206 2841 1297 2923 (448)
1322 2863 1370 2924 ap.

285 2955 370 3020 Stob.
404 2957 464 3033 86,
494 2957 530 3017 8:
562 2952 766 3035 φενδῶμε6’
790 2955 895 3033 ἀνδρῶν
922 2955 1061 3032 εὐγενῶν,
1084 2951 1352 3039 derideretur}

284 3070 391 3141 κοινοὺς
415 3070 440 3133 δ’
463 3068 662 3144 οὶποπτύωμεν
684 3066 778 3148 ὥσπερ
802 3066 921 3140 ἄξιον.
958 3065 1072 3131 Verum
1097 3076 1173 3151 puto
1197 3066 1316 3143 ἄξιον,
1341 3074 1371 3130 et

168 3184 170 3188 ⁴
285 3183 412 3247 fortasse
432 3180 479 3245 bis
503 3183 671 3259 κνδώμε1
683 3182 723 3246 νο.
738 3181 784 3246 Of.
813 3184 976 3264 Veralapen
993 3178 1049 3256 IV,
1068 3185 1098 3257 2,
1117 3183 1180 3243 212
1198 3203 1241 3264 sq.
1268 3181 1370 3263 Antig.

286 3299 350 3358 414
373 3280 564 3369 οὶκνδήοοο
590 3317 644 3379 pro
667 3295 875 3374 οὶφενδήοον
900 3317 915 3357 e
939 3293 1073 3356 Boniteii
1097 3294 1272 3385 coniectura
1291 3300 1371 3358 reete

288 3408 383 3472 edidit
419 3408 558 3472 Dindorf.
601 3408 660 3473 Od.
690 3431 733 3487 χ,
774 3411 834 3472 186
868 3408 1007 3492 suspicor
1037 3405 1114 3472 τότ’
1144 3407 1284 3479 claudie
1316 3430 1370 3491 pro

284 3523 375 3587 τότε
398 3522 431 3599 γ’
455 3523 531 3598 ἤδη.
562 3522 609 3586 Cf.
633 3523 673 3588 ib.
697 3522 729 3603 ζ,
756 3527 808 3585 26.
1005 3580 1008 3585 ,

331 3639 404 3699 621.
434 3637 676 3715 τυραννίδος.
702 3673 753 3689 .-
783 3635 829 3700 01.
852 3636 889 3701 fr.
914 3638 997 3713 399,
1022 3640 1052 3698 2.
1089 3632 1198 3697 Sordet
1220 3654 1291 3717 prae
1315 3632 1371 3696 heo

285 3727 433 3813 librorum
465 3750 595 3813 lenione
624 3749 715 3813 neno
742 3749 866 3813 stataet
889 3749 957 3831 (qui
981 3748 1073 3812 habet
1095 3769 1156 3810 vsa.
1182 3749 1371 3828 ear-eea)

284 3863 512 3944 θρυλλουμέννς,
547 3865 568 3928 1.
599 3886 624 3928 e.
658 3864 856 3943 θρυλουμὲννς.
892 3862 971 3926 Nam
995 3864 1104 3942 θρυλεῖν
1128 3861 1179 3945 (--
1204 3863 1262 3926 aaa
1285 3860 1371 3932 στόμ’

285 3979 377 4061 ἔχειν)
414 3999 475 4040 non
511 3977 681 4042 necessario
716 3976 880 4039 laudem
915 3975 1061 4038 eontinet.
1100 3975 1248 4038 Potuerat
1283 3983 1371 4058 poeta
1425 3960 1427 3965 ⁵

285 4091 472 4169 ὑμνουμένης.
510 4090 640 4174 Hesyeh.
673 4091 806 4164 ὑμνεῖ·
835 4092 970 4165 strom,
995 4089 1071 4171 ᾄδει.
1098 4126 1142 4137 -
1167 4087 1308 4152 Ceterum
1332 4089 1370 4151 ad

285 4227 347 4270 rem
371 4205 407 4268 el.
425 4206 530 4290 Antig.
545 4208 628 4268 1169
646 4201 944 4289 sqq.‚Eur.T1·0ad.
966 4205 1059 4278 1169,
1081 4201 1194 4267 Phoen.
1209 4205 1271 4265 566
1288 4223 1370 4285 sqq.,

285 4327 316 4382 et
341 4321 403 4382 525
421 4341 481 4403 sq.‚
505 4320 610 4402 fragm.
632 4320 706 4392 252,
723 4319 797 4393 288,
816 4323 833 4378 5
852 4339 918 4400 sqq.
935 4324 966 4378 et
981 4316 1158 4400 praesertim
1176 4314 1370 4379 Peliadum
