3112 4914
284 360 328 424 74
610 370 615 377 ⁴
700 386 952 434 concurramus.

285 581 369 641 1398
402 587 432 642 et
467 583 548 642 1412
573 579 688 658 ἄγγος,
719 585 801 646 1391
827 584 1010 665 περίπτυγμ’
1030 586 1192 663 ἀντίπηγος
1218 589 1366 654 εὐκύκλου.

284 692 336 756 Vs.
362 695 425 757 273
455 692 649 758 Erichthonii
681 696 757 760 cista
785 697 1039 780 diciturenim.
1084 699 1169 764 Utile
1192 710 1239 764 est
1262 700 1367 766 obser·

282 830 367 872 vasae
390 816 466 892 quot
489 809 587 873 modis
611 809 709 874 bonus
734 818 825 895 poeta
841 812 965 876 eandem
982 835 1046 878 rem
1062 813 1158 878 soleat
1174 815 1361 898 significare,
1423 790 1426 793 Ι

282 934 317 986 61
350 923 509 1007 intellegas
541 921 592 994 ubi
626 925 715 989 sine
746 947 866 990 causa
897 925 1046 991 idonea
1076 927 1157 991 idem
1185 929 1366 992 vocabulum

282 1035 461 1101 brevissimo
496 1039 656 1102 intervallo
694 1039 726 1102 in
762 1040 867 1103 eadem
902 1041 1079 1124 praesertim
1114 1041 1184 1105 sede
1217 1050 1367 1120 recurrat,

281 1150 460 1235 plerumque
485 1175 501 1214 a
523 1150 656 1223 librariis
680 1162 839 1237 peccatum
864 1176 947 1231 esse,
977 1177 1038 1218 non
1063 1154 1100 1218 ab
1123 1164 1254 1220 auctore.

327 1266 378 1328 20.
410 1264 609 1342 προγόνων
640 1265 759 1339 νόμον
781 1264 965 1346 σῴζουσα.
1002 1264 1048 1331 cf.
1073 1268 1114 1329 25
1139 1275 1169 1330 61
1194 1269 1278 1330 1426
1300 1288 1366 1349 sqq.

280 1379 416 1462 Apparet
439 1391 541 1442 autem
566 1402 582 1442 e
606 1401 648 1444 vs.
676 1383 769 1457 1431,
792 1402 899 1443 aureos
920 1387 1044 1464 torques
1067 1381 1217 1465 serpentis
1236 1381 1364 1463 figuram

280 1492 440 1556 relerentes
472 1493 652 1558 circumdari
681 1495 787 1558 solitos
814 1495 907 1558 fuisse
931 1494 969 1558 ab
993 1495 1235 1559 Atheniensibus
1259 1496 1361 1559 liberis

279 1628 383 1670 recens
409 1609 505 1684 natis,
531 1609 617 1672 cuius
642 1610 733 1672 moris
757 1611 790 1692 (a
813 1609 933 1674 nemine
957 1617 1125 1693 praeterea,
1149 1609 1231 1693 quod
1254 1610 1365 1686 sciam,

281 1721 453 1805 memorati)
477 1723 623 1806 originem
649 1731 738 1806 poeta
761 1724 860 1807 aperit
883 1746 925 1790 vs.
947 1727 987 1788 21
1003 1746 1066 1807 sqq.
1090 1723 1365 1788 Gonleruutinter·

281 1841 379 1916 protes
403 1832 495 1900 Ovid.
523 1835 645 1898 Metam.
670 1835 713 1900 Π.
739 1839 802 1900 552
820 1858 885 1920 sqq.

948 1958 1084 2032 tempore
1108 1949 1242 2032 quodam

369 2059 468 2122 Pallas
493 2060 747 2137 Erichthonium,
774 2062 889 2145 prolem
914 2062 980 2124 sine
1003 2070 1098 2125 matre
1123 2068 1274 2137 creatam,

369 2173 517 2236 clauserat
542 2176 682 2237 Actaeo
707 2181 812 2237 texta
836 2173 879 2237 de
904 2175 1039 2238 vimine
1063 2177 1178 2252 cista,

370 2285 602 2371 virginibusque
626 2287 743 2365 tribus,
768 2289 888 2371 gemino
912 2288 949 2351 de
973 2287 1107 2371 Cecrope
1132 2289 1228 2366 natis,

370 2398 448 2461 hanc
472 2399 567 2483 legem
594 2400 735 2477 dederat,
760 2422 816 2464 sua
838 2422 876 2463 ne
900 2412 1014 2463 secreta
1039 2401 1186 2464 viderent.

368 2514 460 2563 --'
481 2514 649 2579 Commissa
673 2515 752 2579 duae
776 2517 841 2578 sine
866 2514 970 2578 fraude
994 2524 1121 2579 tuentur

369 2607 541 2691 Pandrosos
565 2637 657 2711 atque
682 2628 784 2692 Herse.
812 2627 947 2691 Timidus
970 2637 1057 2691 vocat
1083 2650 1144 2691 una
1167 2649 1284 2691 sorores

368 2741 537 2824 Aglauros,
567 2742 725 2826 nodosque
750 2763 841 2804 manu
865 2741 984 2805 diducit
992 2767 1001 2817 3
1027 2748 1058 2804 at
1080 2741 1164 2803 intus

369 2855 578 2939 infantumque
594 2855 713 2938 vident,
733 2853 1069 2940 adporrectumque
1085 2854 1279 2917 draconem
1296 2859 1365 2916 cett.
1438 2880 1443 2889 ·

281 2977 311 3031 et
342 2988 611 3046 auunnsacouarr,
644 2967 768 3032 Athidis
799 2976 972 3044 auctorem,
998 2969 1079 3052 apud
1102 2985 1290 3030 aurisonum
1314 2985 1366 3027 ca·

280 3100 433 3157 ararium,
464 3082 548 3145 11161.
581 3083 694 3144 Mircb.
729 3102 754 3144 c.
786 3082 846 3156 12,
879 3081 932 3162 qui
957 3087 992 3142 ut
1016 3078 1283 3163 lluripidesduos
1306 3100 1365 3142 me·

280 3201 378 3257 morat
409 3206 581 3279 serpentes,
614 3204 644 3257 et
677 3202 796 3277 praeter
829 3194 998 3277 Aglaurum
1028 3191 1220 3255 Pandrosum
1244 3213 1366 3274 quoque

280 3305 384 3368 violati
408 3306 516 3369 secreti
539 3305 707 3368 insimulat.
730 3305 781 3370 Ex.
795 3304 935 3369 codicum
951 3304 1082 3367 lectione
1099 3303 1241 3382 placatae
1259 3307 1364 3386 (quam

280 3443 296 3484 6
328 3429 409 3482 certa
440 3419 506 3504 lege
539 3421 664 3483 metrica
696 3418 868 3482 emendavit
895 3418 1065 3502 Porsonus)
1090 3416 1208 3480 discant
1232 3417 1363 3491 tirones,

280 3556 370 3618 quam
400 3536 488 3618 proni
514 3535 628 3598 scribae
653 3535 768 3597 luerint
792 3534 828 3597 ad
854 3532 1037 3597 mutandum
1061 3554 1220 3595 numerum
1243 3529 1365 3594 dualem

200 3706 202 3711 .
280 3650 353 3731 (quo
389 3649 461 3711 seri¹
482 3647 668 3711 Graecorum
703 3655 830 3731 nepotes
865 3669 926 3709 uon
957 3646 1088 3730 amplius
1121 3643 1302 3725 utebantur)
1334 3642 1365 3706 in

280 3760 438 3845 pluralem.
1099 3832 1103 3840 ι

326 3878 378 3938 23.
402 3876 623 3953 Ἀγλαυρίσι.
648 3874 789 3957 impense
814 3873 906 3936 miror
928 3871 1121 3934 Dindorfium
1138 3877 1169 3933 et
1184 3869 1366 3933 recentiores

280 3989 340 4052 fere
357 3988 486 4061 editores
504 3988 619 4073 ubique
633 3987 794 4051 retinuisse
807 3985 917 4047 formas
930 3984 1101 4064 ’Ἄγραυλος
1113 3991 1144 4045 61
1156 3981 1364 4061 1166661266,

280 4124 354 4184 quas
386 4110 487 4164 tamen
519 4123 625 4185 pravas
659 4122 723 4163 esse
754 4105 880 4183 apparet
912 4103 973 4160 tam
999 4095 1146 4178 Hesychii
1170 4094 1364 4169 testimonio,

279 4214 360 4298 apud
385 4237 474 4298 quem
500 4215 572 4277 1666
597 4213 743 4277 vocabula
766 4212 912 4295 leguntur
933 4210 1013 4273 inter
1031 4207 1184 4284 ἁγλικυκόν
1201 4214 1231 4271 61
1250 4199 1367 4282 616161-

279 4351 369 4406 6666,
403 4350 492 4417 quam
526 4326 716 4394 librariorum
745 4347 826 4392 more
856 4321 1044 4414 praeferendi
1070 4344 1119 4386 eas
1145 4319 1364 4384 vocabulorum
