3112 4914
282 373 324 435 70
697 389 951 432 consuescamus

280 581 391 646 fabulis
416 580 588 664 lluripideis
612 580 773 660 προλογίζει
792 580 900 642 homo
917 581 1028 662 aliquis
1047 603 1082 644 ex
1101 603 1205 644 eorum
1224 602 1365 658 numero,

280 696 335 779 qui
368 704 466 778 partes
498 704 595 778 agunt
624 695 655 757 in
688 694 832 758 dramate.
877 694 912 756 In
950 694 1032 756 lonis
1064 695 1148 757 exitu
1177 694 1256 757 haud
1281 718 1368 758 secus

282 817 373 891 atque
398 809 429 871 in
454 809 615 892 Iphigenia
632 805 767 872 Taurica
789 817 820 871 et
843 809 874 870 in
896 807 1093 892 supplicibus
1111 808 1201 872 verba
1217 810 1289 873 fecit
1307 810 1367 873 Mi-

283 945 392 1000 nerva,
424 923 512 985 utin
537 921 637 984 Rheso
664 922 769 998 Musa,
795 923 826 985 in
853 921 1021 1007 Hippolyto
1048 923 1161 1002 Diana,
1184 924 1216 986 in
1242 923 1366 987 Andro·

285 1035 390 1099 macha
405 1034 525 1110 Thetis,
543 1035 575 1097 in
593 1033 701 1097 Oreste
718 1033 845 1118 Apollo,
863 1035 893 1098 in
912 1035 1029 1098 Helena
1046 1048 1076 1099 et
1092 1035 1212 1100 Electra
1228 1036 1367 1114 Gemini,

284 1149 316 1211 in
347 1146 475 1210 Bacchis
511 1146 659 1209 Bacchus.
700 1145 792 1230 Apud
827 1146 1010 1230 Aeschylum
1042 1148 1074 1210 in
1106 1147 1275 1211 fabularum
1309 1150 1368 1212 fine

285 1259 391 1322 nullus
414 1257 489 1320 deus
512 1257 648 1342 loquitur
673 1279 771 1340 neque
795 1258 876 1341 apud
901 1258 1081 1342 Sophoclem
1107 1268 1315 1344 praeterquam
1337 1261 1368 1323 in

286 1394 348 1434 uno
379 1369 566 1444 Philoctete,
599 1369 652 1432 ubi
684 1378 808 1453 apparet
835 1360 1016 1432 iudeorum
1042 1391 1200 1432 numerum
1225 1379 1367 1453 receptus

287 1480 451 1556 HerculeS,
484 1480 537 1562 qui
568 1479 663 1542 amico
692 1502 748 1542 suo
773 1479 936 1543 Philocteti
961 1480 1155 1564 persuadeat,
1181 1489 1215 1545 ut
1238 1482 1366 1545 deorum

286 1603 389 1678 pareat
421 1592 549 1655 decretis
578 1592 668 1655 etad
692 1592 811 1655 Troiam
837 1593 1046 1677 proficiscatur
1069 1615 1138 1657 cum
1164 1593 1366 1677 Neoptolemo

286 1717 316 1771 et
339 1707 440 1770 Ulixe.
475 1703 525 1768 Ibi
549 1728 618 1768 vero
641 1704 781 1789 dignus
805 1716 849 1768 est
877 1716 987 1768 tanto
1013 1706 1161 1769 vindice
1186 1707 1318 1770 nodus.

332 1825 360 1883 1.
385 1819 587 1898 χαλκέοισι.
611 1818 792 1882 Postulente
808 1826 904 1882 metro
923 1819 1027 1902 tragici
1047 1826 1178 1883 utuntur
1196 1821 1301 1884 formis
1324 1843 1371 1884 so·

285 1934 360 1997 lutis
377 1931 518 2013 χρύσεος,
542 1930 695 2012 ἀργύρεος,
717 1932 864 2010 χάλκεος,
882 1931 1041 1997 similibus.
1062 1933 1108 1996 Of.
1124 1933 1274 1997 Dindorfii
1292 1933 1367 1998 Lex.

286 2047 379 2131 Soph.
399 2048 418 2110 i.
437 2069 465 2109 v.
486 2045 624 2127 χρύσεος,
646 2053 676 2108 et
692 2046 769 2108 infra
786 2068 813 2109 v.
831 2049 896 2108 434
918 2048 1092 2111 νώτοισιν
1115 2047 1245 2128 <pipern
1276 2048 1368 2127 Quod

289 2159 357 2223 libri
389 2158 503 2223 habent
534 2157 629 2228 νώτοις
651 2158 781 2236 οὐρανόν,
807 2158 862 2222 hos
886 2182 1028 2223 numeros
1052 2161 1116 2224 iure
1139 2161 1326 2246 improbatos
1352 2186 1369 2226 a

289 2272 426 2335 Porsono
458 2270 490 2332 in
517 2269 642 2353 praelat.
667 2270 705 2333 sd
732 2269 847 2346 Hecub.
871 2293 939 2355 pag.
966 2275 1006 2335 30
1032 2272 1143 2336 frustra
1167 2274 1209 2336 ita
1233 2275 1369 2338 defendit

290 2387 504 2461 Hermannus,
527 2389 564 2446 ut
586 2382 623 2445 de
647 2382 798 2446 industria
820 2384 864 2446 sic
888 2385 1043 2468 scripsisse
1064 2397 1150 2468 putet
1171 2396 1308 2469 poetam,
1335 2396 1369 2450 ut

287 2521 415 2563 numero
439 2495 555 2560 scilicet
578 2496 715 2579 graviore
739 2503 769 2559 et
792 2497 1006 2579 ponderosiore
1030 2506 1235 2582 spectatorum
1260 2500 1369 2563 animis

289 2611 376 2694 quasi
400 2614 641 2693 repraesentaret
659 2630 779 2691 gravem
804 2610 930 2687 molem,
956 2633 1034 2695 quse
1055 2612 1104 2675 hic
1125 2612 1313 2677 describatur
1331 2614 1368 2698 1).

292 2724 336 2788 Ut
358 2740 472 2787 taceam
497 2721 575 2785 benc
598 2722 780 2785 sententiam
803 2721 889 2785 nullo
912 2722 1022 2786 idoneo
1044 2724 1181 2807 exemplo
1199 2725 1371 2789 confirmari

291 2856 397 2919 posse,
421 2831 497 2895 bene
523 2831 656 2894 Dindorf
677 2838 706 2894 et
729 2831 782 2894 alii
804 2832 1020 2896 intellexerunt
1044 2843 1196 2918 praeterea
1211 2836 1370 2899 offensioni

290 2970 354 3012 esse
379 2968 422 3008 vs.
447 2950 467 3007 2
491 2945 686 3028 incipientem
710 2967 744 3007 ac
765 2944 953 3009 desinentem
973 2947 1003 3009 in
1021 2947 1124 3010 eodem
1143 2948 1289 3011 vocabulo
1305 2951 1371 3013 laria

289 3067 320 3123 et
342 3060 480 3142 ineptum
504 3079 569 3120 esse
592 3055 705 3119 ibidem
730 3058 879 3134 ἐκτρίβων.
918 3058 1032 3122 Partim
1056 3083 1092 3122 ex
1115 3060 1199 3124 illius
1225 3064 1331 3144 partim
1357 3086 1373 3124 e

289 3195 355 3236 mea
387 3171 561 3234 coniectura
585 3169 655 3232 dedi
679 3191 757 3251 quae
781 3170 882 3245 vides,
907 3171 944 3234 de
969 3171 1081 3254 quibus
1106 3171 1246 3255 pluribus
1270 3173 1373 3258 dispu-

289 3285 351 3348 tavi
374 3285 405 3347 in
436 3286 601 3366 Verslayen
624 3304 659 3346 en
684 3285 916 3366 mededeeliopcn
932 3288 985 3348 der
1001 3286 1196 3372 Koninklp'lce
1212 3287 1374 3352 Academia

289 3419 347 3461 aaa
378 3398 647 3478 Weteusetappsa,
670 3404 743 3458 tom.
768 3395 824 3472 lu,
851 3401 880 3473 2,
906 3419 972 3480 pag.
1001 3399 1070 3461 174.

335 3510 373 3584 2,
398 3512 429 3571 3.
457 3514 558 3588 τριῶν
581 3511 666 3583 μιᾶς
689 3509 843 3589 ἀλόχων.
883 3510 972 3573 Atlas
998 3510 1104 3575 habuit
1128 3521 1188 3575 tres
1211 3514 1371 3597 coniuges,

291 3622 456 3698 Pleionen,
481 3621 628 3684 Aethram
651 3631 682 3684 et
704 3621 870 3705 Steropen,
888 3645 924 3685 ex
948 3645 1076 3706 quarum
1095 3627 1191 3708 prima
1208 3629 1374 3710 procreavit

324 3880 349 3942 l)
373 3878 432 3928 Nou
456 3879 545 3942 ignoro
571 3883 696 3929 recentem
721 3881 849 3944 quandam
876 3880 1033 3941 doctrinam,
1056 3882 1128 3931 cuius
1151 3889 1240 3933 auctor
1262 3891 1301 3935 est
1317 3886 1375 3936 Nic.
1439 3898 1442 3903 ’

292 3967 423 4016 Wecklein
447 3967 475 4016 in
496 3968 626 4033 opusculis
649 3970 704 4017 Ass
727 3969 859 4034 Sophoclis
885 3972 1049 4029 sumundi,
1071 3988 1098 4038 p.
1123 3976 1154 4022 68
1177 3979 1203 4023 et
1219 3975 1326 4025 Studien
1343 3995 1374 4026 sa

292 4057 442 4122 Aeschylos,
460 4074 485 4122 p.
506 4059 549 4106 131
563 4074 613 4122 sq„
630 4074 705 4122 quem
722 4059 794 4124 sequi
811 4059 913 4109 videtur
938 4059 983 4109 W.
1000 4060 1089 4111 Christ
1111 4063 1215 4112 Mstss'lc
1233 4066 1279 4112 der
1299 4066 1373 4115 Gris-
1426 4109 1428 4114 .

291 4150 352 4196 ctera
369 4149 421 4196 und
438 4148 539 4208 Rt'mer,
557 4165 582 4214 p.
600 4151 664 4207 360,
681 4149 737 4198 scil.
754 4150 891 4212 offensioni
907 4167 956 4199 sos
973 4168 1026 4200 ssss
1042 4154 1180 4214 neglectam
1192 4171 1303 4218 passsam
1313 4161 1375 4220 post

291 4251 422 4284 caesaram
444 4235 683 4300 smissptenaricm.
708 4237 782 4298 Quae
804 4237 920 4288 doctrina
944 4242 974 4287 ut
996 4255 1053 4292 vera
1077 4240 1126 4298 sit,
1143 4240 1186 4289 hic
1203 4246 1286 4290 tamen
1303 4243 1374 4293 locus

290 4327 424 4377 manifesto
441 4328 546 4377 laborat.
1158 4318 1160 4323 ¹
