3112 4914
293 379 358 443 124
711 399 962 444 oouurrurrnrus.

338 594 413 672 365.
437 600 497 666 πῶς
522 595 535 658 l
558 595 627 664 θεὸς.
655 593 702 657 Ad
728 593 882 677 dactylum
906 592 1070 656 formatum
1096 616 1111 656 e
1135 593 1256 657 duobus
1273 618 1376 659 1110110-

293 704 417 789 syllabis
449 716 478 769 et
509 706 598 769 initio
630 707 785 788 sequentis
818 705 959 769 vocabuli
988 707 1024 770 cf.
1050 707 1188 790 exempla
1212 708 1378 790 diligenter

293 818 419 882 collecta
450 842 467 881 a
500 819 650 883 Muellero
679 820 723 882 de
748 820 829 903 ped.
854 819 924 885 sol.
948 842 1014 904 pag.
1040 821 1094 886 99.
1130 821 1167 883 111
1194 821 1248 884 hac
1272 820 1377 883 fabula

293 932 361 995 vide
384 933 463 996 iufra
487 936 549 996 825
576 941 613 996 et'
632 937 725 996 1519.
752 933 844 1016 Apud
868 933 1053 1017 Aeschylum
1072 943 1100 996 et
1118 933 1299 1018 Sophoclem
1316 935 1376 998 rari

293 1024 419 1109 suntin
444 1047 540 1130 prima
564 1046 634 1121 sede
658 1046 771 1130 dactyli
796 1070 895 1130 neque
920 1048 998 1126 fere,
1023 1048 1048 1109 si
1073 1048 1271 1131 paucissimos
1290 1048 1372 1111 locos

293 1161 478 1243 excipimus,
503 1161 561 1223 nisi
583 1183 644 1224 uno
662 1161 810 1225 vocabulo
827 1162 970 1245 expressi.
995 1161 1080 1224 ldem
1100 1185 1128 1245 p.
1148 1165 1187 1226 19
1205 1183 1270 1245 sqq.
1295 1160 1376 1224 Male

293 1273 458 1337 Kirehhoff
478 1281 537 1345 πῶς
562 1272 596 1339 δ’.
622 1275 726 1356 Pergit
750 1275 830 1338 enim
856 1274 891 1336 10
914 1274 944 1337 in
970 1276 1105 1338 oratione
1129 1275 1290 1347 instituta,
1315 1296 1377 1337 nou

293 1387 451 1465 absoluta,
478 1413 519 1454 vs.
544 1392 617 1454 363.

339 1503 402 1567 367
421 1524 463 1584 sq.
487 1502 583 1566 Ludit
608 1513 698 1585 poeta
720 1503 752 1564 in
776 1504 943 1582 ταρνχύσει
968 1501 1128 1566 verborum
1153 1502 1329 1582 αἰσχύνεται
1347 1510 1377 1565 et

292 1616 475 1690 ἀλγύνεται,
500 1617 623 1698 prorsus
647 1624 682 1678 ut
703 1614 823 1678 Heracl.
844 1616 904 1676 541
921 1637 965 1697 sq.
983 1613 1130 1677 Similiter
1146 1614 1311 1698 Sophocles
1322 1615 1377 1680 ‘El

294 1731 358 1792 sla
391 1727 470 1790 ludit
501 1728 532 1789 in
564 1728 737 1791 assonantia
768 1726 1030 1790 substantivorum
1060 1727 1159 1804 θύρσος
1196 1737 1226 1790 et
1249 1728 1376 1806 τάρβος,

295 1841 515 1924 Aristophanes
534 1844 588 1904 Av.
606 1844 669 1903 636
684 1862 748 1923 sqq.
765 1840 914 1917 11ιννύμιρ
932 1846 962 1902 et
977 1840 1072 1920 ῥύμη,
1091 1847 1126 1902 ut
1142 1861 1266 1923 paucae
1284 1839 1377 1922 pluri-

294 1955 350 2018 mis
375 1955 505 2018 afferam.
542 1953 665 2036 Veteres
690 1954 769 2016 enim
796 1961 856 2015 tam
882 1952 990 2015 Graeci
1015 1974 1106 2035 quam
1130 1952 1235 2015 Latini
1259 1960 1288 2016 et
1314 1975 1377 2014 ora-

294 2077 375 2131 tores
396 2075 426 2130 et
442 2076 548 2151 poetae
565 2065 730 2129 admodum
747 2066 862 2129 talibus
879 2065 1077 2129 delectantur.
1102 2065 1263 2148 Ingentem
1281 2087 1378 2128 erem·

295 2181 416 2264 plorum
441 2182 557 2263 copiam
582 2179 708 2262 collegi,
735 2200 811 2262 quae
837 2200 973 2263 promere
997 2178 1075 2240 nihil
1099 2178 1218 2241 attinet.
1248 2176 1379 2261 Opposi-

295 2293 389 2356 tionis
413 2300 513 2355 autem
538 2293 598 2354 vim
619 2293 726 2354 misere
743 2290 856 2374 frangit
876 2289 982 2352 infelix
998 2288 1172 2351 Blomfieldi
1190 2289 1379 2361 coniectura,

295 2427 387 2487 quam
411 2399 566 2487 perperam
590 2412 769 2487 receperunt
793 2401 957 2464 Kirchhoff
977 2408 1008 2464 et
1033 2401 1173 2466 Dindorf.
1198 2399 1276 2463 Vult
1298 2403 1378 2464 enim

296 2516 426 2582 Greiisa:
451 2518 501 2579 At
526 2538 619 2580 vero
642 2536 760 2592 uouur,
785 2515 880 2601 (quod
904 2515 1042 2598 gravius)
1066 2536 1167 2598 quae
1191 2523 1379 2597 stuprum
1470 2553 1471 2557 =

296 2653 414 2714 passa
445 2637 503 2692 est
535 2629 680 2692 mulier
709 2651 817 2692 suam
842 2627 1127 2692 calamitatem.
1164 2626 1327 2690 Particulis
1351 2627 1380 2691 δέ

296 2767 334 2820 γε
358 2722 496 2827 graviora
511 2743 616 2827 reponi
633 2742 728 2805 solere
746 2743 782 2805 ad
801 2764 835 2804 ea
851 2764 929 2825 quae
946 2741 1022 2804 alter
1038 2740 1149 2809 dixerit
1166 2740 1238 2803 satis
1253 2748 1379 2803 constat.

299 2855 358 2918 Hic
381 2878 440 2920 usu
465 2856 547 2919 venit
571 2854 746 2918 Plautinum
772 2852 851 2917 illud
875 2876 891 2915 e
915 2853 1110 2916 Trinummo:
1136 2853 1201 2936 pol
1227 2853 1379 2937 pudere

297 2990 410 3054 quam
442 2970 582 3052 pigere
614 2977 798 3052 praestat
830 2966 1003 3029 totidem
1033 2966 1185 3030 literis.
1220 2965 1267 3029 Cf.
1291 2964 1378 3048 Capt.

297 3080 341 3159 Il,
360 3086 388 3158 l,
407 3086 500 3165 9sq.‚
518 3081 629 3145 Pseud.
647 3081 673 3157 I,
692 3085 722 3157 3,
740 3083 791 3143 17.
813 3077 892 3141 Vide
917 3077 1149 3160 Verstcpeulll,
1165 3082 1195 3156 t,
1207 3103 1235 3162 p.
1254 3080 1323 3143 184.
1336 3116 1381 3126 —

249 3240 251 3244 ,
297 3195 407 3259 Obiter
430 3195 497 3257 vide
521 3217 559 3257 an
583 3204 688 3257 nostro
713 3192 824 3256 Electr.
850 3196 913 3254 508
939 3190 1128 3255 reddendum
1153 3191 1192 3252 sit
1213 3190 1379 3268 ἠλρννύμνν

297 3332 352 3394 pro
374 3309 505 3372 absurdo
521 3308 696 3387 ἠνεσχόμην.
721 3305 867 3389 Imperite
891 3326 991 3387 nuper
1008 3302 1110 3365 3011611
1127 3304 1192 3367 Soc.
1200 3307 1278 3386 phet.
1294 3306 1380 3389 Lt'pa.

297 3426 328 3488 ού
352 3423 417 3506 (sic)
440 3410 637 3497 ὅκιρννσσύμνρν.

239 3570 241 3574 ’
344 3539 417 3601 369.
441 3535 720 3616 προφητεύσει.
745 3532 789 3596 Of.
813 3531 1019 3607 θεμιστεύοντα
1043 3553 1086 3594 vs.
1112 3533 1185 3594 371.
1211 3530 1382 3614 Harpocra-

298 3653 360 3726 tio,
377 3651 533 3714 indicante
550 3649 745 3732 Musgravio,
761 3646 985 3721 θεμιστεύει
996 3664 1024 3707 ν·
1042 3643 1106 3707 ἀντὶ
1122 3649 1173 3707 τού
1189 3644 1379 3723 χρησμῳδεῖν.

298 3763 510 3848 Intellegeuda
533 3761 653 3846 Pythia.

299 3961 302 3966 .
345 3880 419 3942 371.
445 3878 623 3956 δρύσειεν
646 3914 690 3924 -
714 3883 837 3950 πῆμα.
865 3873 949 3936 Alibi
974 3893 1035 3935 uno
1061 3871 1150 3936 verbo
1175 3871 1384 3946 (11011101μο1-

299 4018 363 4059 νειν.
396 3992 542 4056 Similiter
566 3991 656 4054 Rhes.
683 3993 745 4052 808
763 3985 783 4052 ὦ
799 3989 932 4064 μέγιστα
948 3987 1088 4061 σήματ’
1105 3983 1383 4064 ἐξειργασμένοι.

299 4105 346 4170 Of.
373 4105 492 4169 Heracl.
517 4108 590 4169 960.
917 4183 919 4186 y

345 4223 419 4285 313.
442 4217 685 4292 μαντευτέον
710 4217 760 4279 hic
784 4216 821 4278 de
845 4213 1116 4289 consulendo,
1141 4211 1232 4275 modo
1257 4214 1320 4274 365
1346 4211 1384 4274 de

300 4333 430 4399 dando
455 4333 631 4397 oraculo.
669 4330 778 4394 Forma
803 4339 862 4392 act.
886 4326 1039 4405 μαντεύειν
1063 4336 1110 4389 est
1132 4325 1316 4409 sequiorum.
