3112 4914
601 406 854 453 concurramus.
1034 370 1036 374 ⁸
1206 393 1267 457 161

185 599 345 684 usurpavit
376 619 431 682 pro
463 599 571 677 λυτροὶ.
610 564 768 664 sententia
791 600 927 665 admittit
950 609 1111 688 utramque
1139 603 1268 688 explica·

184 713 317 788 tionem,
342 711 395 774 sed
416 734 490 775 usus
512 712 696 797 Euripideus
718 736 771 798 pro
786 714 973 780 illamilitat.
995 715 1104 780 Forma
1120 717 1267 782 feminina

185 826 320 899 ἡδεῒοον
356 826 546 910 corruptelae
584 828 731 910 originem
770 826 879 891 debere
919 838 993 912 puto
1029 829 1145 894 Phoen.
1182 833 1264 894 403:

84 949 86 952 '
184 938 299 1018 ἔχουσιν
319 939 490 1019 Ἀφροδίτην
510 939 562 1003 τιν’
582 950 735 1005 ΗΔΕΙΑΝ
751 946 858 1020 κοινῶν,
878 941 932 1004 ubi
949 941 1057 1005 melius
1075 943 1266 1027 intellegam:

184 1051 299 1131 ἔχουσιν
321 1050 492 1133 Ἀφροδίτην
515 1053 579 1126 τιν’,
603 1062 713 1118 IACIN
736 1051 841 1138 (luctu)
865 1061 966 1119 κοινῶν.
987 1093 1030 1105 --
1051 1055 1161 1119 Nauck
1182 1056 1267 1119 malit
1315 1097 1318 1103 ·

184 1164 278 1235 κιιινδο
301 1167 316 1228 ε’
323 1188 336 1227 ν
360 1173 503 1229 κοιινοῖτιν.
527 1164 573 1230 Ol.
596 1165 703 1250 Suppl.
729 1169 791 1229 593
812 1168 921 1238 κλεινὸς
941 1169 969 1231 ἕν
985 1171 1086 1249 κλεινῷ
1103 1168 1158 1248 δορί
1175 1168 1262 1250 (Oob.

183 1279 278 1349 κοινὸς
303 1317 347 1328 -
360 1278 504 1363 Ἰκοιινῷδ),
527 1278 620 1362 Soph.
644 1279 691 1344 El.
711 1282 772 1344 742
790 1281 863 1359 ὀρθὸς
884 1279 916 1355 ἐξ
931 1284 1011 1360 ὀρθῶν
1027 1281 1141 1362 δίφρων,
1159 1281 1266 1347 Trach.

185 1394 259 1469 613,
286 1393 388 1476 ibique
414 1393 563 1456 Dindorfii
588 1393 656 1457 adn.
680 1393 728 1457 ed.
754 1392 853 1458 Oxou.
878 1395 1019 1458 Absurde
1043 1395 1153 1461 Bacch.
1181 1399 1265 1460 1073

183 1507 245 1584 ὀρθὴ
276 1505 301 1568 δ’
325 1508 355 1576 ἐς
385 1505 488 1584 ὀρθὸν
520 1505 604 1585 αἰθέρ’
630 1507 708 1582 ard,
735 1505 787 1569 sed
812 1507 893 1570 hunc
917 1516 947 1571 et
972 1530 1033 1592 seq.
1058 1531 1099 1573 vs.
1124 1509 1266 1593 Euripidi

184 1617 334 1682 abiudico.
359 1617 404 1682 cf.
436 1621 602 1703 Veraluqen
625 1619 680 1694 IV,
708 1622 737 1696 2,
764 1644 793 1705 p.
819 1623 891 1687 201.

230 1736 303 1798 642.
325 1734 395 1797 adv
418 1734 578 1797 decuria
604 1731 642 1814 ᾖ.
667 1732 749 1798 ‘Vide
773 1734 875 1799 adnot.
898 1734 936 1799 ad
961 1734 999 1799 Ο.
1023 1736 1060 1800 R.
1086 1739 1159 1801 580.

230 1848 302 1910 643.
326 1849 340 1910 ο·
362 1845 475 1924 νόμος,
496 1847 550 1930 qui
570 1846 676 1910 Ionem
693 1846 819 1911 iubebat
834 1849 945 1912 servire
962 1850 1128 1913 commodis
1145 1870 1262 1926 eorum,

184 1961 239 2044 qui
262 1959 417 2023 oraculum
442 1959 649 2024 consulebant.

229 2077 302 2136 646.
328 2072 463 2136 Dindori
480 2073 517 2135 dc
537 2095 593 2136 sua
612 2074 787 2137 coniectura
810 2074 907 2138 edidit
930 2075 955 2137 δ’
978 2077 1123 2156 ἐμιιντῷ
1147 2074 1207 2155 ζῆν
1231 2075 1265 2152 μ’

185 2189 309 2251 nimiam
345 2186 413 2250 Ioni
449 2187 586 2250 tribuens
620 2186 794 2267 φιλιιυτιόιν.
824 2187 960 2258 'Rectius
993 2188 1128 2252 Badham
1158 2189 1186 2260 δ’
1208 2188 1265 2265 ἔρι’

184 2304 321 2377 adreci,
355 2300 437 2384 quod
471 2301 569 2384 recepi
596 2322 666 2363 cum
693 2299 884 2364 Kirclrhoffio
909 2312 938 2364 et
963 2302 1114 2367 Nauckio.
1137 2341 1182 2351 -
1205 2301 1265 2376 ἴον

186 2419 202 2490 ἡ
222 2412 355 2494 χώρῳ
376 2436 436 2477 res
458 2435 581 2496 aeque
597 2423 713 2497 grata
731 2422 800 2478 est.
824 2413 934 2479 lllectr.
947 2414 1019 2479 Eur.
1035 2419 1118 2478 1266
1132 2415 1265 2495 ἕφροιοοιι

186 2527 339 2606 ὑπερτέραν
362 2530 417 2598 τοῖς
441 2524 529 2605 τοέρος
554 2526 595 2590 ἔτι
619 2525 751 2604 χάριτος.

231 2643 303 2703 648.
339 2633 400 2710 οὓς
434 2641 506 2714 ἐγὼ
540 2643 650 2720 φιλῶ.
695 2636 865 2722 Ambigue:
898 2639 1007 2703 chorus
1039 2641 1118 2703 enim
1150 2641 1263 2724 cogitat

186 2775 278 2817 uuam
302 2751 455 2816 Orelisam.

231 2869 303 2930 660.
334 2865 508 2929 Sententiae
539 2865 635 2928 forma
665 2865 775 2928 suadet
805 2867 907 2950 potius
930 2892 973 2932 τε.
1012 2870 1161 2930 Accurate
1185 2841 1265 2930 enim

186 2981 344 3065 loquentes
368 2978 497 3042 dicimus
521 2987 592 3041 aut:
617 2980 659 3056 pl
683 2980 756 3055 λέγε
779 2979 874 3050 τοῦτ’.
899 2981 969 3043 ἀλλ’
992 2981 1133 3043 ἕτίττοιτο
1156 2986 1267 3060 σωφρο-

123 3079 125 3082 ’
186 3101 259 3171 νεῖν,
294 3104 347 3157 aut
378 3092 474 3157 τιώποι
507 3092 634 3174 (τοιοῦτον
665 3092 760 3168 λόγων
782 3093 877 3172 τῶνδ’)
901 3092 950 3155 aul
974 3095 998 3156 ε’.
1023 3117 1050 3156 τ.
1088 3091 1121 3154 Si
1143 3092 1173 3157 δέ
1197 3092 1268 3156 reti-

186 3206 464 3284 nendum,·malim
489 3216 570 3268 certe
593 3227 661 3268 cum
686 3205 842 3268 Badhamo
859 3227 970 3289 ponere
987 3206 1180 3288 hypostigma
1195 3213 1265 3290 post

186 3321 276 3399 τῶνδ’,
300 3343 390 3403 quam
415 3319 563 3403 virgulam
589 3341 658 3383 cum
683 3319 798 3382 ceteris.

235 3439 307 3498 651.
339 3432 479 3517 Impense
510 3432 603 3495 miror
635 3429 776 3494 omnibus
807 3429 890 3493 Ionis
913 3430 1082 3494 rationibus
1106 3430 1184 3493 nihil
1207 3452 1269 3492 om·

188 3550 262 3612 nino
286 3548 402 3632 opponi
426 3569 443 3610 a
467 3545 583 3609 Xutho
628 3544 668 3607 llt
693 3543 760 3605 vide
784 3565 876 3627 quam
900 3541 1029 3626 abrupte
1053 3564 1120 3605 cum
1146 3542 1203 3605 hoc
1227 3564 1268 3606 vs.

188 3663 415 3745 coniungantur
439 3659 604 3743 sequentia.
637 3656 777 3720 Fortasse
797 3655 847 3718 hic
864 3654 1013 3718 nonnulla
1030 3655 1153 3738 periisse
1169 3655 1270 3718 existi·

187 3775 297 3838 manda
328 3782 410 3838 sunt.
442 3809 486 3820 -
516 3768 702 3854 Recipicnda
725 3767 887 3831 videbatur
911 3767 1075 3850 probabilis
1100 3766 1268 3832 Hermanni

188 3889 361 3953 emendatio
385 3886 539 3962 εὕξιιτθοιι,
566 3885 619 3948 sed
642 3882 733 3947 simul
757 3882 877 3945 inverso
901 3881 1007 3944 ordine
1023 3882 1112 3964 posui
1129 3904 1185 3945 vsa.
1204 3884 1266 3942 662

188 4011 219 4066 et
250 4005 326 4079 653,
359 4001 397 4064 de
428 4021 490 4084 quo
521 4019 568 4061 me
592 3977 752 4059 admonuit
776 3994 891 4057 amicus
915 3994 1183 4057 coniunctissimus
1206 4012 1268 4056 van*

187 4135 228 4177 ou
250 4133 350 4178 sanun
373 4130 562 4176 BAKHUIzuN.

235 4230 308 4291 652.
332 4235 458 4300 κοινῆς
481 4220 683 4303 τροινιέτιρς.
720 4220 765 4285 Of.
789 4220 888 4285 Orest.
914 4223 943 4284 9.

233 4343 305 4405 653.
328 4338 523 4418 γενέθλιοι.
549 4335 774 4408 Antiatticista:
795 4334 996 4412 γενέθλιον
1016 4332 1152 4426 ἡμέριον
1171 4331 1269 4408 ἀξιοῦ-
1338 4377 1340 4382 -

1020 4474 1021 4477 ¹
1141 4447 1169 4494 ll
