3112 4914
589 375 843 418 communiamus.
1104 343 1107 348 ’
1223 357 1262 418 37

177 567 210 630 in
238 567 379 630 carmine.
414 565 572 630 Metricam
605 566 713 630 horum
746 567 963 631 vocabulorum
994 544 1143 632 rationem
1171 589 1262 631 usum

176 681 300 745 delinire
324 680 505 764 putaverim.

97 806 100 813 ·
221 797 293 857 116.
318 795 424 873 σννρσς
448 792 485 860 cf.
512 797 585 859 ras.
611 795 685 860 nee.
711 797 796 872 363,
821 794 918 858 andr.
949 772 1261 878 recapitare

175 917 204 973 et
227 909 321 993 Soph.
347 912 420 973 Ant.
446 914 529 987 409,
557 909 727 994 Aeschylus
751 932 812 972 non
838 916 976 994 usurpat.
1003 907 1198 972 Vocabulum
1216 917 1263 972 est

175 1023 344 1107 poeticum,
371 1044 424 1107 pro
441 1045 502 1106 quo
519 1023 625 1107 lingua
646 1023 800 1107 popularis
818 1023 916 1086 utitur
933 1021 1023 1086 verbo
1039 1031 1129 1102 κορεῑ
1131 1047 1163 1098 ν,
1180 1022 1262 1086 unde

173 1137 302 1219 κόρνμον,
328 1137 612 1201 everriculum.
649 1137 695 1200 Ex
719 1139 824 1216 σονίρενν
841 1137 932 1200 fiebat
947 1134 1032 1214 σόρον
1050 1136 1099 1217 (=
1117 1136 1260 1219 κόρημα),

175 1249 257 1334 quod
290 1248 517 1314 substantivum
550 1260 585 1314 ut
607 1249 740 1327 όδόκνροον
761 1250 892 1315 reiciunt
918 1249 1108 1334 Phrynichus
1131 1257 1161 1314 et
1181 1249 1261 1312 Tho·

174 1388 263 1440 mes.
287 1365 394 1449 probat
425 1388 494 1429 vero
526 1366 637 1429 Pollux
669 1364 716 1441 X,
752 1368 791 1428 29
825 1366 878 1440 (cf.
913 1363 975 1441 VI,
1010 1366 1066 1450 94)
1097 1373 1127 1427 et
1150 1364 1260 1427 nititur

173 1497 256 1540 roms
281 1479 387 1562 tragici
412 1479 615 1561 (Achaeorum
638 1479 674 1541 fr.
699 1477 761 1561 IX)
790 1478 872 1560 apud
897 1476 1084 1560 Hesychium
1108 1477 1128 1540 i.
1156 1499 1185 1540 v.
1211 1498 1262 1538 au·

174 1593 322 1656 ctoritate.
348 1591 463 1655 Verum
487 1593 603 1675 optimo
626 1593 691 1655 iure
716 1591 878 1654 Atticistae
903 1611 1054 1652 consensu
1078 1589 1261 1652 damnarunt

174 1705 324 1768 novitium
349 1705 433 1789 quod
458 1705 528 1768 inde
553 1705 676 1769 ducitur
693 1702 817 1767 verbum
833 1708 950 1783 σονροῦν,
970 1726 1033 1786 quo
1049 1711 1168 1786 praeter
1184 1700 1260 1764 alios

173 1819 327 1901 aequiores
360 1819 407 1882 usi
440 1825 512 1882 sunt
539 1820 608 1882 novi
637 1819 766 1882 foederis
790 1818 962 1901 scriptores.
987 1853 1031 1868 -
1056 1817 1126 1880 ὑπὸ
1150 1823 1259 1888 νονοῖς

172 1932 252 1995 idem
276 1931 358 2014 quod
383 1931 435 2011 πρὸ
460 1938 528 1996 νοοοῦ
554 1934 593 1995 79
619 1942 648 1995 et
672 1932 723 2010 πρὸ
745 1932 837 2008 δόμον
858 1933 934 1994 lau.
953 1929 1136 1993 Artemidor.
1155 1928 1198 2005 ΙΙ,
1216 1932 1257 1993 33

171 2051 274 2124 σονροῦν
295 2045 337 2109 τόν
360 2045 412 2124 σρό
437 2051 492 2109 σῶν
507 2052 573 2109 νεῶν
588 2024 638 2109 aa>
654 2045 695 2109 τόν
715 2046 767 2124 πρὸ
784 2051 839 2108 σῶν
855 2043 1047 2121 arsenoitem
1063 2043 1122 2109 κτὲ.
1141 2041 1258 2105 Vanam

172 2169 247 2243 puto
278 2158 428 2223 Badhami
459 2159 496 2222 de
528 2159 575 2222 his
608 2159 723 2236 verbio,
748 2181 840 2244 quae
864 2157 1088 2222 commodum
1113 2179 1256 2221 sensum

172 2295 243 2334 non
262 2271 486 2355 praebeant,
511 2270 746 2335 dubitationem.
793 2275 795 2280 ’

219 2387 392 2448 lit-120
428 2385 459 2448 in
495 2383 581 2447 libris
618 2385 725 2447 misere
757 2383 923 2467 depravati.
958 2382 1094 2446 Adiutus
1118 2382 1155 2444 iis
1180 2404 1257 2464 qnae

171 2498 316 2582 leguntur
352 2499 526 2561 lua-tuo
560 2506 589 2560 et
621 2499 796 2561 lat-149
821 2497 852 2559 in
877 2497 962 2572 loeo,
988 2496 1075 2559 cuius
1100 2494 1257 2578 desperata

171 2611 403 2696 interpretatio,
440 2611 555 2694 aliquid
588 2610 763 2674 audendum
795 2633 859 2673 esse
890 2611 1027 2673 iudicans
1058 2610 1089 2672 in
1121 2609 1256 2692 margine

171 2727 314 2790 editionis
348 2727 508 2811 proposui,
545 2748 623 2809 quae
657 2733 686 2788 et
718 2735 814 2788 metro
838 2732 868 2788 et
892 2725 1059 2788 sententiae
1084 2724 1255 2787 satisfacere

169 2841 338 2905 rideantur.

216 2956 288 3019 llt.
313 2947 370 3024 οὓς
394 2951 502 3033 ἕρσονν.
539 2951 626 3016 Libri
649 2950 696 3017 tta
721 2951 822 3032 δρόσον,
848 2972 903 3035 pro
928 2973 989 3033 quo
1013 2958 1089 3014 teste
1114 2972 1156 3015 vs.
1180 2951 1256 3014 anti·

168 3067 323 3151 strophico
358 3069 419 3130 133
452 3064 525 3129 olim
550 3065 708 3150 legebatur
730 3064 892 3128 molossus.
931 3063 1079 3127 Codicum
1103 3064 1255 3148 scriptura

167 3181 321 3253 continere
337 3179 459 3243 videtur
474 3179 535 3242 duc
555 3179 824 3263 interpretamenta
837 3179 986 3262 genuinae
999 3177 1146 3242 lectionis.
1171 3177 1250 3242 Nam

167 3317 262 3378 quum
287 3295 451 3376 legeretur,
477 3303 511 3356 ut
535 3295 681 3378 suspicor,
708 3301 915 3366 ΟΤΟΕΡΟΑΙ,
940 3292 1013 3374 quia
1033 3291 1068 3355 Io
1084 3291 1253 3377 alloquitur

165 3408 196 3470 in
215 3389 397 3490 praegressis
412 3407 595 3470 verriculum
610 3430 675 3471 eam
688 3408 852 3472 lectionem
865 3406 907 3470 sic
920 3406 1149 3483 intellexerunt,
1164 3408 1259 3490 quasi·

166 3522 257 3584 fuerit
279 3517 312 3586 οὗ
333 3520 361 3585 σ’
384 3521 483 3602 ἕρσονν,
509 3521 619 3586 deinde
638 3519 672 3586 οὗ
693 3522 885 3607 interpretati
901 3529 973 3586 sunt
990 3519 1104 3606 peribu
1124 3522 1173 3605 (cf.
1191 3521 1253 3586 He·

74 3625 77 3629 ’
164 3635 302 3718 sychim,
339 3635 427 3698 cuius
462 3644 568 3700 auctor
603 3636 807 3701 necessarium
845 3637 965 3721 putavit
1001 3636 1142 3721 aequales
1177 3660 1249 3701 suos

164 3747 271 3811 docere
300 3745 333 3812 οὗ
363 3748 517 3812 interdum
548 3749 718 3832 significare
749 3749 815 3814 ἕνόον
840 3750 886 3813 vel
909 3747 1014 3833 ὅσον),
1039 3756 1070 3812 et
1092 3747 1171 3828 ἕρσονν
1196 3772 1249 3833 per

163 3862 250 3942 δρόσον
276 3862 325 3942 (cf.
350 3862 430 3926 idem
454 3863 485 3926 in
509 3885 582 3926 voce
606 3862 681 3947 illa).
707 3862 864 3926 Vocabulo
891 3863 988 3946 prisco
1005 3862 1090 3946 epico
1108 3871 1137 3926 et
1153 3863 1248 3947 lyrico

163 3976 194 4038 iu
218 3975 350 4039 carmine
374 3974 487 4059 lyrico,
513 3977 584 4040 licet
600 3976 771 4061 alibiapud
788 3977 918 4061 tragicos
934 3998 995 4039 non
1013 3983 1127 4054 exstet,
1144 3976 1246 4041 locum

163 4111 227 4151 esse
257 4111 345 4152 nemo
375 4088 508 4172 negabit.
554 4090 672 4175 Deinde
704 4089 832 4154 dubium
858 4112 919 4152 non
948 4097 993 4152 est
1016 4089 1091 4174 quin
1117 4088 1247 4165 absurde

162 4201 303 4265 dicantur
318 4201 406 4281 δρόσον
424 4202 460 4283 (a.
476 4201 570 4288 ἕρσονν)
581 4193 843 4284 ιε’κνσρονεῖσονν
865 4201 979 4278 ποννοόν.
1003 4201 1125 4265 Iudicat
1142 4209 1244 4266 autem

162 4316 219 4379 hoc
243 4314 367 4379 verbnm
392 4338 447 4399 pro
471 4323 614 4400 corrupto
638 4317 726 4400 τόν,
751 4317 801 4380 cui
825 4316 909 4379 deest
932 4338 993 4378 una
1016 4314 1107 4400 longa
1130 4313 1246 4405 syllaba
