3112 4914
233 352 295 416 168
454 376 455 380 ’
650 370 901 417 oouuuurrmuu

230 573 481 630 senectutem
501 566 551 650 (oi.
564 565 645 631 Med.
663 568 745 630 1390
758 567 834 632 οὔπω
850 569 970 647 θρηνεῖς,
986 569 1073 646 με’νε
1087 569 1316 654 autrum),

231 681 311 742 iste
344 702 435 744 vero
462 681 609 744 amieos
633 702 728 744 suos
751 682 906 766 (uxorem)
929 704 1005 745 non
1031 690 1170 758 curat,
1193 684 1317 747 miser

232 794 300 877 qui
322 793 486 857 veniens
511 804 705 857 externus
726 795 765 857 in
785 817 947 877 magnas
969 793 1315 880 domus(0eoropiae)

233 928 326 990 opes
357 925 420 969 uou
445 925 655 970 oousuuvrvrr
683 925 859 970 roaruurrr.
901 904 989 970 Libri
1012 909 1063 970 οὐκ
1086 905 1175 970 ἔσωσε
1199 907 1314 986 τύχης,

232 1043 287 1106 pro
318 1043 378 1105 quo
409 1021 501 1105 vulgo
533 1043 568 1084 ex
601 1020 727 1084 Heathii
761 1022 935 1084 oouieotura
962 1020 1074 1104 legitur
1096 1023 1146 1084 οὐκ
1170 1020 1315 1085 ἔσωσεν

232 1136 347 1214 τύχαις,
372 1134 429 1197 hoo
454 1143 516 1210 est,
542 1134 567 1195 si
592 1132 740 1197 Matthiae
763 1132 929 1212 oredimus,
954 1154 1048 1218 quum
1074 1133 1167 1196 filiis
1183 1133 1222 1196 iu
1238 1155 1315 1197 suo·

233 1247 405 1313 cedendi
440 1270 544 1330 spem
580 1247 687 1310 uatis
715 1256 882 1311 careret.
919 1245 1090 1310 Wakefield
1122 1246 1158 1312 al.
1183 1269 1224 1311 vs.
1249 1250 1313 1309 818

233 1384 287 1446 pro
318 1361 422 1424 ἔσωσεν
455 1361 583 1423 coniecit
609 1359 726 1441 ἴσωσεν,
752 1366 787 1422 ut
811 1368 889 1422 esset
912 1360 1078 1423 sententia:
1105 1359 1313 1422 fortunam

233 1482 270 1539 et
301 1482 469 1537 suamet
499 1474 639 1536 uxoris
666 1495 742 1536 non
767 1474 978 1556 aequavit,
1001 1473 1196 1536 fortunae
1220 1495 1316 1536 auae

132 1653 134 1657 ,
235 1588 435 1671 o'oniugem
456 1609 528 1651 uon
548 1588 775 1671 participem
792 1587 896 1663 ieoit,
913 1588 1033 1670 (parum
1048 1587 1316 1671 aptameiudioe),
1366 1621 1368 1624 >

233 1702 406 1785 nuperrime
436 1712 537 1763 autem
570 1700 659 1763 Kock
695 1700 830 1765 Verium.
863 1723 930 1784 pag.
966 1703 1026 1764 198
1050 1722 1122 1783 εεμ,
1136 1769 1139 1774 ,
1153 1708 1316 1784 postquam

233 1815 346 1900 optime
377 1813 596 1878 demonstravit
627 1813 697 1877 ferri
729 1835 790 1876 nou
828 1835 917 1896 posse
944 1811 1106 1875 Matthiaei
1140 1810 1318 1894 explicatio·

234 1951 320 2006 nem,
352 1949 451 2010 neque
482 1927 664 2019 Kirohhoffii
696 1915 903 1990 coniecturam
936 1927 986 1990 οὐκ
1013 1922 1097 1989 ἔσωσ’
1121 1926 1317 2004 εὐτυχής,
1422 1994 1428 1999 ,

232 2044 298 2128 ipse
321 2043 450 2107 oouieoit
473 2045 523 2107 οὐκ
545 2041 648 2106 ἔσωσεν
671 2042 776 2106 dlxxv
801 2041 857 2117 vel,
880 2040 964 2124 quod
985 2039 1124 2130 praefert,
1144 2042 1194 2104 οὐκ
1212 2040 1316 2104 ἔσωσεν
1409 2082 1413 2095 ·

233 2155 370 2234 λέχος,
395 2153 444 2219 cll.
468 2152 566 2217 Orest.
591 2156 673 2231 575,
699 2153 770 2217 Hel.
789 2156 870 2229 795,
894 2153 933 2217 fl.
954 2151 988 2216 F.
1007 2155 1109 2228 1072,
1125 2152 1316 2236 Hippone,

234 2291 363 2353 quorum
396 2277 496 2331 tamen
527 2266 662 2331 locorum
696 2266 802 2330 nullus
833 2279 895 2344 est,
922 2287 983 2350 quo
1007 2264 1154 2350 probetur
1177 2267 1220 2330 ita
1244 2267 1318 2329 sori·
1354 2329 1358 2334 .
1410 2343 1413 2349 ,

233 2379 334 2444 bendo
368 2387 487 2465 poetam
520 2380 690 2463 significare
723 2381 858 2463 potuisse
886 2379 987 2443 Xuthi
1010 2377 1221 2442 infidelitatem
1249 2400 1320 2462 erga

234 2494 404 2577 coniugem.
427 2490 533 2576 Longe
552 2514 600 2556 me
621 2491 721 2554 iudice
737 2490 924 2575 probabilior
943 2498 989 2554 est
1008 2489 1118 2569 altera,
1140 2512 1231 2573 quam
1254 2490 1319 2575 ipse

237 2605 340 2669 minus
363 2605 521 2691 probavit,
547 2605 722 2668 coniectura
746 2603 783 2668 a!
788 2628 873 2680 κων,
898 2603 981 2689 quod
1004 2603 1047 2667 ita
1071 2611 1177 2687 aptum
1201 2611 1260 2687 est,
1285 2610 1320 2665 ut

237 2717 268 2779 in
293 2716 428 2800 margine
450 2714 620 2780 adscribere
643 2738 705 2779 non
729 2715 940 2781 dubitaverim.

282 2833 354 2894 696.
378 2832 665 2908 γεγωνήσομεν.
698 2829 829 2913 Hesyoh.
852 2836 1063 2907 γεγωνεῖν·
1085 2835 1320 2907 μεγωλνφωνεῖν,

235 2945 285 3020 ἤδη
310 2945 339 3009 δὲ
361 2945 597 3026 Φθέγγεσθνω.
628 2943 737 3021 Recte3
761 2943 913 3027 plerisque
938 2943 1018 3007 enim
1043 2944 1227 3028 tragicorum
1244 2943 1319 3007 loeis

235 3060 363 3143 priorem
389 3057 648 3121 vociferandi
671 3056 840 3133 notionem,
867 3078 945 3140 quae
968 3056 1102 3121 Homero
1119 3067 1165 3120 est
1181 3057 1329 3141 propria,

235 3173 324 3257 plane
349 3170 499 3255 deposuit.

281 3288 354 3349 697.
378 3286 414 3348 ἐν
437 3279 528 3366 dirui
552 3285 662 3349 πάντ’
687 3285 830 3364 ἔχευε.
853 3283 899 3348 Of.
924 3284 996 3348 Eur.
1020 3283 1104 3348 Med.
1130 3285 1204 3359 228,
1223 3283 1320 3369 Hipp.

237 3403 320 3476 932,
355 3398 472 3461 Phoen.
505 3402 586 3474 992,
619 3398 673 3462 ubi
708 3397 777 3461 vide
809 3397 1005 3461 Valckenarii
1029 3397 1267 3472 adnotationem,
1293 3402 1323 3458 et

236 3511 330 3596 Soph.
355 3512 438 3575 Aiao.
465 3514 537 3576 519.

281 3607 356 3688 099.
379 3632 547 3705 συμφοραῖς
570 3621 594 3687 δ’
615 3623 752 3699 turrem.
789 3623 835 3689 Of.
860 3623 1106 3707 Andronuuu.

283 3743 355 3805 705.
382 3738 555 3821 ἐξαπαφών.
595 3738 726 3802 Verbum
749 3740 931 3818 ἄπωφίσκενν
954 3735 1194 3822 (ἐξωπωφίσκενν)
1219 3738 1323 3822 epicis.

236 3853 392 3938 proprium
417 3875 471 3938 pro
494 3855 637 3930 aaaron,
662 3853 733 3917 alibi
758 3853 789 3915 in
816 3852 971 3937 tragoedia
994 3874 1056 3916 uon
1080 3852 1241 3936 reperitur.

285 3969 348 4032 706
366 3988 431 4052 sqq.
455 3967 511 4030 κωὶ
537 4004 581 4015 -
603 3967 839 4046 κωθωγνίσως,
862 3967 882 4030 i.
905 3989 929 4031 e.
950 3966 1000 4030 auri
1025 3967 1067 4043 pir
1089 3966 1263 4041 κωλλνερσίη.
1281 4003 1325 4013 -

237 4077 475 4161 nutriatur}
511 4079 617 4160 (semel
655 4079 782 4160 laetum)
822 4085 938 4163 spectat
971 4076 1252 4163 ignispioium.
1287 4075 1328 4140 01

238 4194 355 4258 Phoen.
395 4196 477 4256 1255
503 4215 569 4278 sqq.
607 4193 712 4276 ibique
748 4189 953 4268 vitarentur,
987 4191 1094 4275 Suppl.
1132 4193 1208 4267 155,
1233 4191 1325 4275 Soph.

238 4311 309 4375 Ant.
336 4310 430 4374 1015.
