3112 4914
615 369 867 417 couuuuruluus

242 562 316 624 539.
340 561 451 640 δῶρόν
475 558 614 626 όόλλαν.
649 560 696 625 01.
720 561 758 626 Ο.
782 562 819 626 R.
848 566 944 627 1622.

242 676 317 736 542.
349 672 474 737 Frustra
504 675 528 736 st
561 697 615 758 pro
646 677 677 739 οὐ
706 676 836 739 coniecit
863 676 993 755 Nauck,
1018 686 1136 754 motuS,
1162 678 1279 761 opinor,

196 783 407 850 observatione
431 809 518 871 saepe
541 794 643 852 tamen
667 789 705 852 de
729 796 866 852 terrae
891 789 1002 852 filiis
1025 812 1191 853 sermonem
1218 813 1283 854 esse

196 897 277 982 apud
301 907 452 963 auctores.
489 899 560 984 Ipsa
584 909 684 964 tamen
708 901 837 965 istarum
861 900 1035 966 fabularum
1059 905 1199 987 negati0,
1227 903 1280 968 ubi

195 1033 242 1074 res
266 1012 310 1075 ita
333 1012 408 1089 fert,
433 1012 517 1076 cadit
540 1014 571 1076 in
595 1014 754 1097 ingenium
776 1014 942 1098 Euripidis.

242 1128 315 1189 546.
338 1125 464 1203 λόγων
489 1125 668 1206 ἁψώμεθ’.
702 1127 797 1192 Andr.
820 1131 895 1206 663,
912 1129 979 1193 Alc.
997 1132 1072 1206 967,
1089 1129 1183 1212 Soph.
1200 1129 1281 1193 Phil.

195 1243 268 1304 468.
295 1240 566 1319 Animadversione
590 1241 701 1325 dignus
720 1259 766 1306 est
783 1243 869 1306 locus
887 1243 995 1308 Bacch.
1014 1247 1075 1308 611
1094 1243 1153 1308 οὔτ’
1165 1243 1283 1320 έόιγεν

193 1354 250 1418 αὕθ’
281 1352 387 1434 ἥψαθ’
420 1357 516 1432 ἡμῶν,
541 1355 624 1440 quod
649 1355 766 1418 dictum
791 1363 836 1419 est
860 1356 964 1419 eadem
989 1356 1193 1434 abundantia,
1220 1380 1281 1442 qua

194 1466 304 1533 Latine
335 1468 448 1534 dicitur
477 1491 547 1533 nec
571 1469 657 1532 scio
680 1491 753 1533 nec
776 1471 886 1547 novi,
912 1469 1027 1534 Graece
1050 1469 1109 1534 οὔτ’
1134 1466 1197 1534 οἶδα
1221 1470 1282 1534 νόν)

193 1583 379 1659 ἐπίσταμαι,
403 1583 422 1647 1.
447 1605 471 1646 e.
495 1582 615 1667 plane
642 1584 790 1647 nescio.

240 1695 313 1758 544.
337 1693 436 1759 τοῦτ’
451 1691 575 1770 ἄμεινον.
592 1692 688 1759 Oodd.
706 1702 736 1759 et
753 1693 821 1758 edd.
834 1692 933 1769 ταῦτ’,
947 1692 1030 1777 quod
1043 1699 1149 1757 notare
1161 1692 1282 1777 neglexi

192 1809 225 1872 in
249 1808 318 1873 adn.
342 1808 408 1872 crit.

240 1925 313 1987 545.
338 1923 441 1987 νόόνν
465 1921 624 2001 λέκτρον
640 1920 738 1985 Andr.
758 1925 831 1986 929.
854 1919 901 1984 Of.
918 1921 995 1985 infra
1016 1923 1111 1998 1195,
1132 1923 1282 1985 1412.-

192 2042 243 2101 τνῦ
265 2038 334 2101 νέου.
368 2035 460 2100 Recte
484 2034 634 2120 glossator
656 2034 694 2098 ad
718 2034 747 2097 h.
771 2034 790 2099 l.
814 2042 866 2107 τῆς
890 2035 1029 2108 νεότητός.
1064 2033 1178 2098 Barnea
1203 2036 1277 2098 citet

186 2150 290 2214 Andr.
316 2155 389 2228 183,
416 2152 490 2215 612.

238 2265 313 2326 546.
337 2261 385 2325 De
408 2261 586 2326 confusione
611 2282 719 2325 vocum
742 2261 780 2338 γε’
803 2286 848 2325 πω
873 2270 902 2325 11
924 2260 956 2339 γ’
980 2261 1022 2326 ἔτι
1044 2261 1215 2326 Porsonum
1241 2261 1278 2326 ad

193 2375 307 2439 Phoen.
333 2378 417 2438 1638
443 2374 572 2438 conferri
597 2372 683 2437 iubet
707 2373 855 2438 Badham.

239 2491 310 2553 547.
343 2490 390 2568 τῷ
413 2489 536 2568 χρόνῳ
559 2511 604 2564 γε
627 2486 848 2567 συντρέχει.
884 2486 983 2552 Orest.
1009 2490 1093 2552 1215
1118 2489 1276 2568 χρόνοντὸ

191 2611 282 2678 μῆκος
304 2601 377 2665 αὐτὸ
400 2602 560 2681 συντρέχει.

237 2719 309 2779 549.
333 2716 528 2781 κελεόόνν.
565 2714 634 2778 Hoc
657 2715 742 2799 epico
767 2713 914 2777 vocabulo
939 2738 992 2799 pro
1016 2715 1075 2787 όδός
1097 2738 1202 2779 omnes
1218 2725 1276 2779 tro·

191 2829 250 2914 gici
276 2830 322 2891 usi
346 2837 428 2893 sunt.
452 2866 496 2877 -
518 2833 707 2910 ἀπαιρλρῖ,
732 2828 845 2891 Moeris
870 2830 1005 2910 αόνλρῖ·
1031 2832 1201 2906 νιλανόιται,
1223 2830 1277 2892 ubi

191 2965 206 3005 1
231 2942 349 3005 Galeno
374 2949 403 3005 et
428 2941 614 3027 Hippocrate
631 2941 756 3004 Pierson
775 2942 916 3005 emendat
934 2943 1116 3007 αόνλόιται.
1141 2941 1275 3006 Verbum

190 3055 264 3121 alibi
294 3057 375 3140 apud
409 3057 571 3139 scriptores
596 3055 687 3119 hodie
710 3055 770 3138 legi
794 3077 855 3118 non
883 3055 1010 3118 videtur.
1042 3055 1273 3138 Substantipum

189 3171 367 3242 όνιαιόλν
391 3167 485 3232 habet
506 3169 618 3232 Aesch.
644 3169 678 3232 fr.
702 3170 765 3231 186
784 3167 944 3253 (Hesych.)
962 3178 991 3231 et
1007 3170 1061 3233 Ar.
1079 3167 1161 3232 Nub.
1181 3171 1276 3247 1149,

188 3285 428 3359 όπαιόλνμα
453 3282 561 3346 Aesch.
586 3280 722 3366 Oboeph.
744 3285 856 3344 99411
876 3281 1100 3366 6111111912
1120 3282 1276 3365 (Hesych.)

189 3397 234 3463 Cf.
258 3396 295 3462 O.
320 3396 354 3461 O.
385 3399 448 3460 316
476 3390 521 3476 αἶρ’
545 3395 640 3471 ἔστιν,
665 3389 711 3472 ἆρ’
739 3400 788 3458 οὐκ
811 3395 906 3477 dorm
933 3399 949 3469 ἡ
973 3396 1104 3471 γνώμη
1129 3401 1274 3477 νιλανρῖ.

190 3512 272 3575 Hinc
290 3511 373 3574 venit
393 3510 424 3572 in
448 3518 597 3583 mentem,
622 3531 659 3571 an
684 3508 763 3572 forte
787 3508 868 3593 apud
894 3518 1032 3572 nostrum
1057 3509 1088 3570 in
1113 3507 1276 3592 depravata

104 3659 107 3664 ·
189 3626 341 3709 scriptura
364 3622 470 3708 Suppl.
496 3625 579 3687 547:
608 3622 706 3686 σκαιόν
729 3647 775 3700 γε
797 3622 1017 3696 aaronem
1040 3629 1091 3695 τῆς
1113 3621 1274 3696 γλώσσης

152 3739 153 3743 ’
187 3738 269 3812 robe,
304 3738 416 3820 φόβους
451 3737 584 3814 πονηροὺς
618 3736 667 3800 καὶ
698 3736 804 3806 κακοὺς
837 3733 955 3799 δεδιέναι
984 3735 1094 3798 lateat:
1119 3735 1219 3798 σκαιόν
1243 3737 1275 3809 γ’

186 3853 424 3926 όνιαιόλνρια
447 3859 499 3925 τῆς
523 3849 680 3925 γνώμης
704 3847 771 3913 τόδε
793 3851 866 3925 cre,
886 3858 922 3911 ut
938 3849 977 3910 sit
994 3849 1162 3911 sententia:
1180 3849 1275 3931 inep-

188 3977 249 4030 tus
274 3988 360 4028 sane
382 3955 437 4028 hic
454 3973 506 4026 est
524 3963 658 4026 mentis
678 3985 788 4039 error,
811 3972 881 4027 cett.
905 3962 1015 4026 Parum
1033 3971 1102 4046 apte
1118 3961 1274 4027 Hermann

190 4079 257 4141 Hel.
286 4080 370 4140 1666
394 4074 523 4145 όπαιόλν
548 4072 755 4137 substituebat
780 4095 834 4158 pro
858 4074 1022 4158 depravato
1045 4072 1272 4148 παλαιότης,

187 4191 269 4274 quod
293 4199 374 4252 recte
396 4190 429 4251 in
453 4188 617 4264 ματαιότνς
643 4188 774 4250 mutavit
797 4186 896 4249 Oobet
920 4186 956 4250 V.
980 4186 1016 4250 L.
1041 4210 1071 4270 p.
1097 4188 1173 4248 662.

232 4309 307 4377 569.
343 4302 488 4366 Πνόόαν
518 4301 675 4379 πέτραν.
709 4300 806 4364 Andr.
839 4303 914 4375 999,
939 4299 1051 4362 Bacch.
1075 4301 1150 4374 316,
1176 4295 1272 4360 H.·F.

1114 4411 1160 4458 10*
