3112 4914
281 394 302 440 Χ
730 397 911 440 Paanrario.

282 584 430 667 νοάμενοέ,
454 590 467 652 ἀ
490 590 519 654 δὲ
543 589 660 661 Δαναὸς
682 590 839 654 ἀκολουθῶν
862 591 898 660 ὡς
922 591 1098 662 ἀποκτενῶν,
1124 589 1173 653 τὸν
1189 589 1243 666 μὲν
1258 588 1367 667 συνέβη

281 703 315 768 ἐκ
337 707 392 768 τῶν
415 701 630 780 πεπραγμένων
652 703 824 778 ἀποθανεῖν,
847 702 896 767 τὸν
919 701 948 766 δὲ
971 703 1110 779 σωθῆναι,
1135 702 1195 767 nisi
1209 701 1300 788 ¹quod
1325 701 1368 766 ibi

281 838 384 880 revera
415 811 527 900 poenas
546 815 643 881 'dedit
675 816 852 893 insidiator,
882 815 931 880 hic
955 810 1122 900 quominus
1146 815 1262 902 Creusa
1286 815 1365 880 idem

282 938 452 1013 pateretur,
477 929 637 1013 impedivit
661 928 788 1014 Pythia,
814 951 892 1013 quae
916 953 991 1017 cum,
1010 929 1139 1006 cistula,
1163 929 1194 992 in
1217 952 1278 1014 qua
1290 952 1368 1015 puer

281 1028 386 1106 recens
417 1048 507 1123 natus
540 1042 696 1126 expositus
721 1043 838 1118 fuerat,
861 1043 1063 1108 interveniens
1089 1042 1189 1106 effecit
1212 1051 1245 1106 nt
1272 1052 1369 1106 mater

182 1242 185 1248 .
282 1178 300 1218 a
330 1155 394 1219 filio
424 1163 598 1240 opportuno
625 1163 763 1242 tempore
788 1165 1011 1241 agnosceretur.
1047 1154 1118 1220 Huc
1142 1157 1292 1242 pertinere
1309 1168 1385 1220 *err-v

282 1268 413 1334 istimari
435 1277 564 1352 possunt
588 1291 666 1353 quae
689 1269 770 1359 idem
793 1269 997 1356 philosophus
1022 1270 1129 1335 scribit
1153 1271 1206 1335 tl.
1226 1293 1251 1335 c.
1274 1270 1371 1335 XIV:

282 1380 352 1448 ὅταν
382 1383 410 1446 ἐν
431 1387 507 1452 ταῖς
538 1382 654 1462 Φιλίτας
682 1382 841 1459 ἐγγένηται
870 1381 966 1458 πάἀη,
996 1377 1050 1447 οἷον
1080 1385 1104 1448 εἰ
1127 1381 1257 1464 ἀδελφὸς
1280 1383 1368 1446 ἀδελ-

281 1494 338 1575 Φάν
370 1493 386 1568 ἢ
416 1494 474 1566 vlle
504 1493 621 1575 πατέρα
651 1495 667 1569 ἢ
697 1496 792 1572 μήτηρ
820 1495 877 1559 υἱὸν
902 1496 919 1570 ἢ
942 1496 1001 1568 vide
1024 1494 1137 1577 μητέρα
1158 1493 1322 1561 ἀποκτείνει
1351 1493 1368 1570 ἢ

173 1684 174 1687 ¹
281 1605 384 1683 μέλλεν
409 1606 425 1680 i
448 1630 483 1673 τν
499 1603 575 1671 ἀλλο
599 1607 723 1672 τοιοῦτον
746 1607 813 1691 δρᾷ,
836 1613 938 1673 ταῦτα
960 1606 1110 1691 ζητητέον,
1135 1586 1245 1672 deiude
1266 1616 1368 1678 autem

282 1704 390 1785 modos
412 1741 610 1794 enumerans,
636 1718 749 1803 quihus
774 1720 805 1784 in
830 1721 985 1806 tragoedia
1005 1721 1240 1806 consanguineis
1257 1721 1370 1785 iniuria

283 1833 335 1896 liat
365 1841 419 1895 aut
449 1833 620 1896 intentetur
652 1856 670 1897 a
702 1826 953 1917 consanguinem,
985 1835 1114 1898 tertium
1144 1836 1229 1918 ponit
1252 1834 1370 1897 hunce:

281 1949 314 2015 τὸ
344 1945 495 2022 alarona
526 1971 554 2010 τν
585 1947 653 2026 ipris
680 1953 736 2012 τῶν
766 1947 929 2022 ἀνηκέστων
953 1947 988 2012 δι’
1011 1946 1151 2025 ἀγνοναν,
1164 1947 1370 2027 ἀναγνωρίσειε

282 2059 346 2140 πρὶν
370 2067 504 2136 παῦσαν,
530 2059 584 2143 qui
604 2059 713 2124 modus
731 2060 797 2145 ipso
813 2059 913 2124 indice
935 2067 1071 2144 praestat
1087 2059 1208 2126 dnobus
1225 2059 1351 2145 reliquis
1361 2108 1371 2137 ,

283 2194 414 2256 quorum
437 2172 515 2240 alter
538 2180 584 2236 est
605 2175 638 2238 τὸ
664 2173 867 2251 γιγνώσκοντα
889 2172 1019 2255 πράξαν,
1051 2175 1128 2238 alter
1149 2176 1182 2238 τὸ
1205 2175 1368 2251 ἀγνοοῦντα

282 2285 336 2364 μὲν
358 2284 485 2366 πράξαν,
510 2285 666 2366 πράξαντα
689 2287 719 2351 δὲ
741 2287 946 2366 ἀναγνωρίσαν.
982 2287 1086 2352 Huius
1111 2310 1181 2352 vero
1206 2289 1264 2351 tria
1284 2287 1371 2351 affert

283 2399 437 2484 exempla:
462 2399 494 2463 in
519 2398 709 2485 Cresphonte
733 2399 883 2485 Meropen
907 2400 1005 2465 filium
1030 2423 1121 2465 suum
1138 2376 1375 2465 interfecturam

283 2513 336 2577 sed
368 2514 453 2598 prius
485 2525 721 2598 agnoscentem,
746 2513 941 2598 Iphigeniam
965 2515 996 2578 in
1022 2522 1096 2579 noto
1120 2514 1255 2579 dramate
1278 2513 1369 2579 Euri·

284 2626 374 2710 pideo
405 2627 491 2695 fratri
524 2629 630 2712 agnito
662 2635 856 2712 parcentem,
891 2628 920 2691 in
947 2627 1038 2693 Hella
1056 2626 1097 2712 (Ρ)
1120 2627 1219 2692 filium
1243 2637 1388 2693 matrem·

283 2739 432 2816 inimicis,
469 2747 633 2823 autequam
666 2741 765 2824 ipsam
789 2741 932 2825 agnovit,
958 2741 1156 2805 traditurum.
1200 2739 1370 2805 Hominum

283 2860 386 2917 autem
417 2853 497 2918 inter
524 2875 555 2916 se
586 2853 778 2937 agnitionum
809 2875 904 2937 quum
929 2853 1044 2938 duplex
1068 2853 1249 2917 Aristoteles
1273 2865 1373 2938 genns‘

283 2966 443 3043 statuerit,
475 2983 579 3029 eornm
613 2966 667 3051 qui
697 2966 735 3030 ad
769 2966 946 3030 felicitatem
979 2967 1094 3050 quique
1124 2966 1161 3030 ad
1187 2967 1369 3030 contrariam

283 3078 437 3146 fortunam
469 3079 531 3145 sint
561 3101 579 3145 a
610 3086 700 3164 poeta
729 3078 892 3164 destinati,
917 3079 981 3143 sive
1005 3079 1138 3156 amicitia
1160 3079 1232 3170 inde
1255 3080 1371 3143 oriatur

284 3193 347 3256 sive
378 3192 557 3269 inimicitia,
591 3190 648 3256 Ion
679 3214 743 3256 eam
777 3191 902 3257 exhibet
926 3194 1057 3277 speciem
1082 3192 1265 3276 agnitionis,
1290 3214 1370 3276 quae

283 3305 327 3369 ita
342 3316 343 3319 ’
356 3304 410 3368 fiat
440 3306 521 3368 inter
551 3305 690 3370 homines
719 3305 815 3370 laetae
845 3307 920 3370 sorti
953 3306 1137 3382 destinatos,
1161 3315 1197 3369 ut
1220 3314 1369 3390 perpetua

284 3416 356 3481 inde
379 3426 522 3483 nascatur
545 3419 679 3485 amicitia
703 3419 767 3483 sive
791 3419 878 3483 malis
902 3441 1061 3510 amorem.⁴

329 3530 405 3595 Post
429 3531 503 3597 haec
525 3533 575 3595 vix
599 3538 644 3603 est
668 3531 751 3615 quod
776 3531 875 3596 dicam
899 3531 1024 3595 eandem
1050 3529 1324 3596 fabulam'timoris
1341 3540 1371 3592 et

284 3645 486 3710 miserationis
503 3645 548 3730 1),
579 3667 658 3729 qnae
690 3658 763 3731 sunt
791 3645 954 3729 praecipua
984 3644 1083 3707 omnis
1107 3642 1280 3726 tragoediae
1305 3665 1369 3706 mo·

284 3767 404 3835 menta,
429 3779 494 3823 essa
517 3758 734 3842 planissimam.
771 3757 856 3838 Quid
882 3758 963 3822 enim
987 3764 1041 3822 ant
1063 3755 1292 3821 formidolosius
1316 3765 1370 3820 ant

284 3876 488 3943 miserabilius
518 3877 648 3961 cogitari
680 3883 780 3960 potest
812 3897 904 3959 quam
935 3875 999 3939 filio
1028 3875 1208 3960 impendens
1236 3883 1371 3940 amatre

321 4176 345 4240 l)
368 4173 460 4226 Varias
480 4173 594 4223 virorum
615 4173 749 4222 doctorum
767 4169 903 4220 sententias
921 4168 953 4218 de
969 4167 1063 4231 tragica
1080 4169 1190 4235 καθάρσει
1206 4179 1254 4214 seo.
1272 4162 1371 4212 Aristo·

285 4265 359 4317 talem
382 4263 548 4333 probabiliter
571 4279 652 4331 nuper
676 4261 828 4313 diiudicarit
851 4260 996 4311 sussurim
1017 4257 1045 4307 in
1061 4256 1137 4315 libro,
1156 4255 1202 4321 qui
1218 4253 1369 4303 inscribitur

285 4355 442 4407 Aristoteles
458 4355 519 4407 tter
537 4354 579 4408 dia
596 4353 765 4412 abactam,
783 4350 888 4416 Leipzig
907 4351 978 4401 lats.
