3112 4914
268 375 330 440 156
681 398 935 444 comesuramus.

265 590 340 671 tror)
373 597 412 653 et
443 597 636 673 potentes
667 614 754 676 prae
777 593 987 675 sapientia
1010 593 1136 656 silent
1160 615 1283 676 neque
1307 593 1350 657 ad

265 703 431 788 publica
463 704 630 788 negotia
663 713 901 789 properant,
934 707 995 769 his
1024 707 1152 770 risum
1183 706 1349 770 movebo

264 817 410 899 hisque
433 817 649 883 iudicibus
673 819 891 884 stultitiae
915 843 1008 883 reus
1032 841 1109 884 ero.
1148 814 1350 899 061661661-

263 930 341 994 festo
372 931 581 1010 δυνάμενοι
613 941 813 1016 opponuntur
842 940 902 1006 τοῖς
933 933 1083 1006 οὶδυνοέτοις
1107 935 1220 1019 (596),
1250 956 1350 1017 neque

263 1045 359 1128 igitur
382 1045 457 1109 hene
481 1046 599 1109 dictum
624 1045 840 1124 essecestram
864 1044 960 1112 εἶναι
983 1049 1085 1129 σοφοί,
1111 1047 1183 1110 olim
1207 1047 1244 1110 ad
1269 1045 1347 1111 Oed.

263 1157 338 1242 Reg.
362 1157 623 1232 correxidarer,
648 1160 731 1243 quod
754 1159 869 1224 librarii
893 1160 951 1224 loci
977 1161 1124 1224 rationem
1148 1182 1211 1226 uon
1228 1160 1351 1224 intelle-

263 1281 368 1356 gentes
391 1271 429 1334 de
452 1272 604 1336 industria
627 1273 659 1336 iu
682 1270 755 1338 εἶναι
779 1274 935 1338 refluxisse
960 1273 1111 1338 videntur.
1207 1317 1209 1319 -

309 1387 382 1450 600.
413 1382 559 1466 μωρίαν
581 1424 625 1436 -
651 1389 834 1467 λήψομαι
864 1387 996 1452 breviter
1026 1387 1145 1452 dictum
1176 1409 1231 1471 pro
1254 1385 1348 1466 αῶρον

262 1497 352 1573 ὄνομα
382 1521 405 1564 s.
436 1500 545 1579 μωρίας
568 1500 662 1578 φόνον
685 1503 820 1581 λήψομαι
853 1500 915 1585 (01.
939 1499 1008 1565 Hel.
1035 1503 1129 1581 852),
1156 1498 1239 1564 haud
1262 1499 1351 1563 aliter

263 1632 354 1693 quam
378 1613 533 1696 Antigone
558 1613 632 1678 dicit
652 1615 733 1698 apud
754 1613 848 1699 Soph.
872 1637 914 1678 vs.
937 1616 1002 1677 924
1021 1615 1088 1687 τὴν
1107 1613 1350 1691 δυσσέβειαν

262 1724 413 1801 εὐσεβοῦσ’
448 1727 687 1804 incerdens.
724 1728 806 1792 Med.
843 1731 906 1793 218
942 1728 1097 1793 δύσκλειαν
1128 1728 1351 1800 ἐκτήσαντο

262 1840 312 1902 καὶ
343 1840 538 1922 ρᾳθυμίαν,
563 1839 663 1904 Orest.
690 1844 753 1914 502
777 1842 819 1906 τὸ
841 1841 993 1922 σῶφρόν
1017 1844 1043 1905 τ’
1068 1840 1215 1917 ἔλαβον
1238 1839 1275 1904 δον
1297 1849 1351 1914 τῆς

261 1956 425 2033 συμφοραῖς.
452 1953 541 2018 Adde
557 1953 652 2037 Soph.
671 1955 720 2018 Ai.
739 1958 790 2032 75,
807 1954 856 2019 Ill.
874 1958 950 2031 968,
972 1954 1053 2018 Phil.
1074 1956 1171 2030 1420,
1188 1954 1267 2018 Xen.
1279 1953 1350 2038 Oyr.

262 2065 288 2144 Ι,
310 2069 356 2130 15.
380 2066 506 2130 Frustra
528 2068 627 2151 igitur
649 2067 680 2132 h.
697 2068 716 2131 l.
742 2067 853 2132 Nauck
876 2069 1119 2151 ὀφλήσομεν,
1146 2066 1300 2150 quomodo
1324 2066 1352 2129 si

262 2186 352 2264 poeta
371 2181 556 2264 scripsisset,
581 2201 643 2244 non
663 2181 923 2266 dedissctopinor
943 2183 957 2245 ε’
964 2207 977 2246 ν
996 2183 1140 2257 αὐτοῖς,
1159 2180 1212 2244 sed
1228 2180 1351 2256 γέλωτα

261 2291 289 2357 τ’
309 2295 446 2366 αὐτοῖς
469 2294 530 2358 xri.
549 2330 592 2342 -
615 2295 651 2358 ἐν
675 2297 830 2372 αὐτοῖς,
854 2295 874 2359 i.
890 2319 916 2358 e.
944 2295 1004 2357 his
1028 2292 1232 2358 iudicibus.
1257 2292 1350 2377 Hipp.

266 2413 348 2475 1020
380 2412 416 2475 σὺ
448 2408 472 2474 δ’
497 2409 534 2475 ἔν
564 2411 592 2476 τ’
616 2411 750 2491 ἐκείνῳ
780 2413 849 2475 κοὶν
880 2411 966 2488 ἐμοὶ
999 2411 1098 2493 φαίνει
1127 2409 1231 2491 κακός,
1257 2408 1349 2492 Soph.

262 2523 313 2587 Αἰ.
340 2525 424 2586 1136
449 2524 473 2588 si
497 2525 563 2589 ταδ’
587 2527 665 2589 ἐστιν
687 2527 724 2589 ἐν
748 2526 845 2596 θεοῖς
867 2522 965 2598 καλοὶ,
993 2524 1066 2586 Ant.
1092 2525 1155 2584 025
1180 2521 1350 2595 σκαιοσύννν

260 2635 423 2717 φνλοὶσουν
446 2639 482 2702 ἐν
506 2637 594 2715 ἐμοὶ
618 2638 784 2712 κατάδηλος
808 2636 901 2702 ἔσται.

309 2752 383 2814 601.
407 2749 519 2835 Recepi
542 2751 689 2836 Stephani
713 2751 918 2815 coniecturam
943 2750 1028 2827 (nam
1048 2748 1167 2813 codices
1184 2770 1261 2832 quos
1278 2769 1351 2811 suos

262 2864 367 2928 testari
399 2864 477 2928 solet
507 2865 612 2929 nullos
643 2887 708 2928 esse
732 2864 849 2928 dudum
874 2863 1065 2927 intellectum
1090 2866 1149 2944 eat)
1172 2861 1271 2941 ψόφον
1295 2881 1350 2943 pro

261 2977 378 3057 φόβου,
403 2978 454 3041 cui
477 2977 684 3063 adstipulatur
707 2976 804 3041 Cobet
830 2976 901 3042 Ver.
925 2976 1011 3042 Lect.
1036 2999 1104 3062 pag.
1130 2978 1193 3038 595
1211 2975 1272 3048 (ed.
1289 2972 1348 3058 II).

262 3089 405 3155 Getarum
430 3091 526 3175 magis
551 3099 622 3176 apta
639 3098 685 3153 est
701 3112 791 3174 quam
810 3101 909 3170 certa,
925 3089 1068 3174 quoniam
1086 3089 1145 3153 loci
1161 3089 1238 3152 ratio
1254 3108 1350 3171 aeque

261 3203 397 3270 admittit
422 3204 505 3288 quod
529 3205 605 3268 mihi
629 3205 660 3267 in
685 3212 817 3268 mentem
842 3204 924 3268 venit
948 3202 1108 3286 φθόνον,
1138 3202 1185 3265 vel
1208 3200 1349 3280 ψόγον,
1422 3246 1425 3251 -

263 3318 343 3402 quod
377 3318 493 3402 placuit
523 3317 700 3403 Musgravio
732 3317 869 3383 afferenti
900 3317 1036 3402 Theogn.
1067 3319 1149 3380 287:
1174 3317 1202 3380 ἕν
1225 3313 1284 3395 γάρ
1307 3337 1349 3378 τοι

208 3456 211 3473 ¹
262 3432 345 3496 πόλει
378 3429 430 3496 ὧδε
460 3433 675 3512 κακοψόνῳ
705 3430 819 3495 ανδιένει
849 3430 941 3513 οὐδέν,
976 3428 1029 3494 uhi
1062 3429 1349 3510 661φιλοψόγῳ

262 3556 316 3609 aut
338 3545 574 3628 κακοστόμῳ
600 3546 673 3629 61116
699 3567 803 3610 verum
829 3544 924 3609 videri
947 3544 1020 3608 alibi
1043 3543 1220 3627 significavi.

308 3661 382 3723 602.
405 3665 475 3724 τῶν
498 3659 522 3724 δ’
546 3655 592 3724 αὖ
614 3661 759 3738 λογίων
782 3684 835 3724 τε.
867 3657 1009 3721 Coniecit
1032 3656 1182 3720 Matthiae
1205 3661 1260 3719 τῶν
1276 3652 1299 3718 δ’
1312 3656 1348 3718 ἐν

262 3771 366 3852 λόγῳ
389 3797 440 3848 σε,
467 3772 606 3837 Badham
628 3779 684 3837 τῶν
707 3772 731 3837 δ’
748 3770 794 3837 αὖ
820 3776 949 3852 σοφῶν
972 3795 1015 3835 τε.
1051 3768 1204 3833 Neutrum
1231 3768 1346 3852 placet,

263 3887 336 3971 quia
367 3887 535 3970 requiritur
565 3887 649 3970 quod
677 3893 850 3970 opponatur
872 3885 934 3948 illis
958 3884 996 3948 de
1020 3883 1132 3966 quibus
1157 3882 1247 3946 modo
1271 3883 1348 3945 dixit

262 3998 304 4065 ὅτι
337 4006 476 4079 σιγῶσι
506 4004 556 4065 κού
588 4001 756 4064 σπεύδουσιν
783 4003 823 4071 εἷς
846 4001 888 4064 τα
912 3997 1101 4078 πράγματα,
1126 4018 1218 4080 quare
1243 4018 1346 4060 verum

263 4136 327 4177 esse
361 4114 500 4198 suspicor
523 4113 607 4198 quod
632 4113 779 4178 librorum
804 4115 973 4198 scripturae
997 4123 1042 4174 est
1066 4112 1254 4196 proximum:
1277 4115 1348 4173 τῶν

262 4228 286 4292 δ’
318 4224 364 4293 αὖ
394 4228 591 4305 λεγόντων
622 4229 682 4294 κτέ.
727 4226 819 4306 Quod
849 4228 883 4291 si
912 4226 1113 4311 placebit,
1140 4225 1289 4300 utitor,
1314 4225 1348 4287 si

262 4362 339 4407 non
363 4340 543 4430 placebit,
567 4341 766 4430 reperitote
790 4341 940 4404 rectius.
964 4338 1146 4407 Weckleino
1163 4337 1183 4401 l.
1202 4337 1220 4403 l.
1233 4360 1263 4427 p.
1282 4339 1346 4406 323
