3112 4914
656 383 912 429 counnurnnrus.
1121 434 1128 449 ‚
1282 370 1324 431 95

281 557 344 616 184
371 577 436 639 sqq.
481 555 523 616 Ut
555 554 591 618 lo
620 554 1011 641 monodiam1)absolvit‚
1039 556 1150 619 chorus
1175 563 1319 619 constans

234 665 365 732 Oreiisae
390 670 510 732 aucillis
534 670 715 751 πνρὲρχετνῶ
739 671 771 734 in
795 670 999 747 orchestram,
1017 672 1049 734 in
1067 671 1205 757 duasque
1221 679 1323 756 partes

234 783 331 847 divisa
354 785 435 846 canit
460 784 632 848 alternatim
656 784 719 848 duo
743 785 884 869 strophas
901 793 931 848 et
947 785 1172 871 antistrophas,
1190 809 1319 870 quarum

234 897 384 980 posterior
420 900 624 980 (ala-237)
660 899 835 963 intermixta
870 906 916 962 est
952 898 1038 962 Ionis
1074 900 1235 984 responsis.
1272 900 1320 963 De

234 1002 327 1074 olioro
361 1011 546 1074 orchestram
578 1012 706 1075 intranti
737 1012 806 1076 vide
838 1024 956 1096 praeter
993 1012 1148 1078 Pollucem
1175 1013 1230 1091 IV,
1258 1019 1319 1078 109

234 1125 382 1208 imprimis
413 1145 543 1188 urrisun
574 1125 704 1190 Accient
733 1125 865 1204 Athens,
900 1132 939 1190 its
969 1130 1102 1210 history,
1129 1131 1319 1213 θυρυρνυρθρ

234 1241 295 1301 und
316 1243 465 1322 romarus,
490 1238 619 1302 London
646 1241 731 1303 1873
756 1240 787 1302 in
812 1239 988 1324 Appendice
1010 1240 1054 1310 II.
1080 1262 1149 1324 pag.
1176 1245 1250 1307 521.

280 1355 353 1417 184.
379 1353 399 1433 ζ
404 1353 549 1425 υθέυις.
566 1353 729 1438 Euripides
746 1353 846 1416 utitur
862 1354 1019 1418 adiectivis
1036 1354 1144 1434 ζθθευς,
1157 1352 1320 1436 ζάπλουτος

234 1472 264 1527 et
287 1465 451 1547 ζθχρυσυς,
485 1467 653 1551 Sophocles
680 1467 824 1548 ζαμενής,
850 1467 1022 1552 Aeschylus
1046 1469 1195 1549 ζνντλρθθς
1219 1477 1249 1533 et
1273 1468 1322 1551 ζῶ-

233 1603 328 1658 cupos.
365 1579 489 1644 Praeter
511 1581 585 1644 haec
609 1604 660 1644 sex
685 1581 854 1666 composita
878 1604 931 1666 per
955 1581 974 1662 ζ
1009 1586 1064 1666 (z
1085 1583 1147 1666 διν)
1164 1585 1322 1667 tragoedia

233 1693 355 1756 nullum
380 1692 481 1758 habet.
970 1691 972 1695 ’

281 1811 351 1871 185.
376 1808 512 1873 εὐνίων
536 1807 610 1872 alibi
634 1831 696 1872 non
720 1810 878 1893 reperitur.

282 1926 352 1986 186.
383 1924 623 2000 ῶγυνυθτνδες
654 1924 875 2003 θεραπεῖαι.
923 1923 1118 2007 Apollinis
1154 1925 1320 2010 Agyiaei

233 2036 381 2099 cultus.
408 2036 592 2120 Hesychius,
616 2037 771 2101 indicante
795 2037 991 2122 Musgravio:
1016 2037 1267 2115 Ἀνννθτιδες·
1288 2043 1319 2104 υἱ

233 2148 286 2228 πρὸ
308 2156 363 2214 τῶν
386 2151 469 2229 θυρῶν
492 2151 647 2230 θερνπεῖυυ.
681 2149 738 2218 Sed
764 2151 918 2236 scripsisse
939 2151 1062 2214 videtur
1081 2151 1319 2229 ῶνυνθτιδες

233 2263 398 2341 deponetur·
427 2262 458 2324 υἱ
491 2262 543 2340 πρὸ
562 2266 618 2326 τῶν
637 2262 721 2340 θυρῶν
744 2265 797 2343 (sc.
822 2262 999 2343 θερυπεῖυν),
1029 2261 1088 2324 nisi
1116 2263 1184 2345 quis
1214 2263 1317 2339 malit,

232 2374 264 2436 υἱ
296 2374 347 2452 πρὸ
377 2380 434 2438 τῶν
464 2376 548 2453 θυρῶν
579 2373 692 2451 βωμοί,
730 2381 765 2436 ut
800 2374 913 2456 legitur
944 2374 1027 2458 apud
1056 2375 1253 2440 Eustathium
1278 2376 1317 2440 ad

233 2486 260 2549 Il
286 2487 328 2563 B,
365 2490 403 2549 12
428 2487 486 2568 ἔφη
514 2489 544 2551 δέ
566 2511 610 2559 τις
642 2486 905 2564 Ἀγννθτνδνς
930 2489 1153 2567 ’θεραπείας
1176 2489 1242 2562 τοὺς
1265 2492 1319 2571 πρὸ

232 2604 315 2681 θυρῶν
337 2601 466 2678 βωμούς.
508 2601 554 2664 De
579 2600 626 2662 his
650 2599 804 2683 Apollinis
830 2601 889 2663 aris
913 2600 1093 2694 consulatur
1117 2610 1188 2666 ante
1213 2625 1317 2668 omnes

233 2715 433 2801 Harpocratio
458 2716 477 2779 i.
495 2738 519 2778 v.
543 2717 671 2791 ῶνυνῶς,
698 2714 780 2778 unde
798 2736 875 2798 quae
892 2716 952 2778 huc
969 2717 1123 2799 pertinent
1140 2740 1315 2802 excerpam:

231 2831 351 2906 ῶνυιεθς
383 2831 443 2893 ἐστι
478 2829 543 2893 κίων
578 2831 617 2898 εἷς
651 2826 701 2902 θξὺ
735 2829 834 2906 λήγων
869 2826 898 2892 ὃν
933 2830 1033 2893 ἱστῶσι
1066 2831 1118 2908 πρὸ
1148 2837 1204 2895 τῶν
1233 2833 1317 2913 θυρῶν

232 2940 283 3023 (cf.
308 2940 449 3004 Eustath.
473 2941 491 3003 l.
509 2939 559 3021 1.),
584 2939 667 3010 ἰδίους
694 2938 719 3002 δ’
739 2935 812 3004 rival
830 2946 923 3019 Φυσιν
943 2940 1048 3011 αὐτοὺς
1065 2938 1271 3020 Ἅπθλλωνυς,
1291 2945 1316 3008 οἱ

232 3054 261 3117 δὲ
282 3055 427 3129 Διονύσου,
447 3053 470 3116 οἱ
484 3052 507 3116 θ’
519 3053 636 3134 ἀμφοῖν
655 3051 747 3136 (duae
764 3053 888 3116 ultimae
904 3052 1062 3135 opiniones
1074 3052 1164 3118 falsae
1177 3057 1316 3140 sunt)—

231 3165 286 3232 εἶεν
320 3168 343 3230 δ’
359 3167 395 3232 ῶν
418 3169 442 3231 ci
465 3167 548 3247 πυρὰ
571 3174 629 3237 τοῖς
654 3155 797 3238 Ἀττικοῖς
821 3167 973 3243 λεγόμενον
998 3167 1112 3244 ῶγυιεῖς
1136 3171 1159 3233 υἱ
1183 3170 1236 3248 πρὸ
1259 3177 1315 3236 τῶν

231 3283 319 3346 οἰκιῶν
343 3282 439 3358 βωμοί
461 3281 549 3364 (Hes.
572 3302 599 3354 v,
623 3284 699 3356 ῶνυ
713 3280 811 3352 reric·
839 3282 852 3344 ὃ
877 3282 929 3361 πρὸ
951 3286 1008 3344 τῶν
1031 3283 1114 3361 θυρῶν
1137 3282 1224 3354 {orda
1247 3285 1314 3360 βω-

231 3394 300 3472 μὸς
324 3396 360 3457 ἐν
383 3394 567 3473 σχήματι
591 3394 747 3474 κίονος),
766 3390 802 3463 ῶς
820 3401 896 3472 Quor
916 3401 1052 3472 Κρατῖνος
1068 3393 1118 3456 κυῶ
1134 3396 1313 3477 Μένανδρος,

230 3508 279 3572 κυῶ
304 3514 458 3587 Σοφοκλῆς
484 3509 512 3570 ἐν
536 3509 576 3586 τῷ
599 3506 780 3582 Λαοκόωντι,
803 3503 943 3583 nescirer
965 3509 1007 3572 rol
1032 3507 1187 3583 Ἀθηναίων
1211 3513 1257 3586 ἔθη
1274 3513 1313 3585 εἰς

230 3623 345 3703 Τρνθνν,
370 3621 461 3701 macl·
481 3620 636 3697 λάμπει
660 3618 683 3683 δ’
702 3620 871 3696 ῶγυνεὺς
892 3620 1313 3707 βωμὸέςῶτμθζυνπυρὶ

230 3737 400 3815 σμύρνης
424 3735 706 3811 σταλαγμούς,
723 3730 1120 3814 βυρβθρωνεθυσμθυς.
1137 3737 1182 3803 Cf.
1199 3739 1312 3805 Phocu.

232 3851 311 3925 634,
346 3848 456 3912 Aesch.
495 3849 548 3931 Ag.
583 3849 663 3911 1051
700 3854 730 3910 et
765 3847 860 3910 1056.
884 3846 1045 3912 Eiusmodi
1068 3825 1221 3925 araeaenon
1245 3876 1312 3917 raro

230 3968 376 4045 apparent
406 3962 438 4025 in
470 3960 571 4024 numis
604 3960 748 4042 antiquis.
773 3957 820 4023 Of.
846 3961 1054 4025 Dictionnac‘re
1077 3965 1129 4026 dea
1153 3969 1312 4046 cctr‘quc‘tds

265 4245 288 4307 l)
308 4244 440 4293 Monodiis
458 4243 609 4310 Euripidem
625 4259 686 4310 prce
703 4241 791 4292 ceteris
808 4239 959 4290 delectatum
978 4257 1031 4290 esse
1048 4247 1155 4293 constat.
1174 4244 1214 4295 cf.
1231 4246 1310 4298 Arist.

229 4335 295 4387 Rsn.
315 4337 377 4394 819,
396 4337 459 4394 944,
478 4336 550 4393 1330,
561 4337 620 4385 Pac.
634 4336 707 4393 1022,
719 4334 820 4382 Thesm.
835 4333 907 4381 1012.
925 4331 992 4380 Vide
1003 4332 1127 4383 Photinm
1139 4335 1156 4384 i.
1167 4352 1191 4387 vc
1205 4339 1310 4406 μυρδία.
